2267 3845
1194 146 1227 198 2

482 298 552 353 G.
590 299 1035 351 Hermannus
1094 300 1145 351 in
1202 300 1538 370 praefatione
1587 300 1824 352 Nubium
1880 299 2129 354 editionis

307 408 356 459 p.
381 390 464 442 IX
485 389 754 440 Venetum
793 389 863 440 ita
896 389 950 440 in
987 389 1260 459 plerisque
1292 390 1453 442 rebus
1494 391 1740 443 omnibus
1771 410 1891 442 cum
1916 392 2124 445 Raven-

306 486 430 530 nate
472 477 771 529 consentire
811 478 956 544 dicit,
994 487 1051 529 ut
1090 497 1197 530 non
1233 479 1480 531 videatur
1518 479 1749 532 dubitari
1793 498 1970 549 posse,
1996 480 2123 549 quin

308 589 377 622 ex
415 567 605 619 eodem
657 568 813 619 ambo
854 567 1004 620 fonte
1055 569 1325 620 fluxerint.
1399 569 1559 635 Quod
1608 589 1734 621 num
1770 569 1886 622 iure
1925 569 2123 622 dixerit

302 662 462 714 homo
518 659 862 712 doctissimus
911 659 1228 712 videbimus.
1303 659 1625 714 Tenendum
1679 679 1807 713 vero
1849 669 1931 713 est
1979 660 2124 728 inde,

303 751 445 819 q'uod
469 751 754 804 Ravennas
774 759 827 802 et
845 750 1091 802 Venetus
1111 750 1383 802 interdum
1404 769 1589 803 veram
1619 751 1909 803 lectionem
1933 759 2123 803 contra

303 858 489 893 omnes
543 840 675 892 alios
735 840 946 892 codices
999 847 1243 904 tuentur,
1297 838 1536 891 nondum
1591 840 1848 912 consequi
1904 859 1996 893 eos
2052 840 2119 893 ad

305 931 538 983 eundem
578 932 785 983 fontem
842 930 1162 982 referendos
1214 948 1358 997 esse3
1395 931 1649 983 vitiorum
1683 931 1898 982 demum
1937 931 2121 999 singu-

298 1022 490 1074 larium
531 1020 835 1074 communio
879 1021 1093 1089 signum
1133 1021 1235 1073 erit
1273 1021 1570 1074 communis
1612 1021 1852 1091 originis.

464 1111 757 1166 Ordiamur
790 1113 853 1163 ab
876 1111 920 1164 E
945 1132 973 1181 q
994 1131 1027 1163 u
1048 1111 1063 1162 i
1083 1111 1130 1162 ti
1149 1113 1225 1163 bu
1247 1132 1286 1163 s.
1323 1113 1602 1183 Perpauca
1626 1130 1793 1180 eaque
1827 1111 2119 1164 admodum

292 1203 499 1256 incerta
534 1202 831 1256 communis
868 1203 1147 1273 utriusque
1181 1203 1382 1255 codicis
1411 1203 1636 1271 originis
1660 1199 1891 1272 vestigia
1927 1202 1983 1256 in
2017 1204 2117 1256 hac

292 1293 472 1345 fabula
521 1293 781 1364 indagare
843 1294 1008 1365 potui.
1083 1294 1221 1346 Nam
1277 1293 1421 1364 quod
1459 1293 1743 1345 Ravennas
1789 1303 1840 1345 et
1876 1293 2121 1348 Venetus

291 1392 478 1436 contra
518 1402 703 1436 omnes
739 1385 873 1437 alios
908 1384 1123 1436 codices
1162 1404 1211 1436 v,
1235 1384 1300 1436 89
1340 1377 1543 1453 ἀληθὲς
1575 1402 1673 1454 pro
1702 1375 1922 1453 ἔληθες,
1946 1385 2117 1437 v.213

288 1478 449 1536 ποεῖς
497 1470 623 1526 πόει
679 1493 777 1544 pro
825 1477 1007 1537 ποιεῖς
1067 1474 1246 1541 ποίει,
1296 1493 1345 1526 v.
1388 1473 1491 1526 ‘289
1538 1470 1634 1526 τον
1683 1477 1853 1526 νῶτον
1901 1493 1996 1543 pro
2051 1472 2116 1528 τὸ

289 1567 475 1633 νῶτον,
507 1584 558 1616 v.
598 1565 696 1616 749
734 1568 935 1634 πυκνῆι
987 1584 1085 1636 pro
1136 1566 1323 1628 amri,
1376 1584 1424 1616 v,
1460 1564 1560 1617 996
1598 1565 1972 1632 Δωροδοκιστί
2017 1584 2115 1637 pro

287 1654 688 1724 Αωροόοκηστί,
725 1675 775 1707 V.
814 1656 944 1708 1388
981 1656 1024 1708 δ’
1070 1676 1164 1727 pro
1203 1657 1245 1724 γ’
1284 1655 1535 1726 scriptum
1579 1655 1856 1722 exhibent,
1896 1655 2022 1708 huie
2058 1657 2111 1709 in

282 1746 622 1799 creberrimis
661 1755 713 1797 et
740 1746 1031 1798 lenissimis
1071 1746 1396 1816 corruptelis
1426 1746 1710 1798 consensui
1733 1747 1786 1797 in
1815 1746 1913 1798 hac
1949 1765 2108 1815 quae-

281 1837 449 1889 stione
498 1837 632 1889 nihil
688 1837 849 1888 tribui
905 1845 1099 1908 potest.
1171 1835 1354 1889 Unum
1406 1845 1611 1888 tantum
1650 1837 1830 1889 locum
1871 1838 2108 1908 repperi,

283 1927 372 1979 ubi
414 1928 583 1979 maius
621 1927 903 1979 discidium
934 1927 1217 1978 intercedit
1260 1927 1399 1979 inter
1429 1928 1795 1980 Ravennatem
1815 1927 2107 1980 Venetum-

282 2036 383 2088 que
410 2027 463 2069 et
490 2026 718 2070 ceteros
757 2038 805 2069 v,
844 2018 944 2072 346
986 2018 1127 2070 enim
1167 2027 1394 2088 uterque
1433 2017 1607 2070 codex
1646 2018 1897 2070 exhibet:

494 2102 605 2161 ἄλλ’
647 2101 796 2161 οἷσθ’
839 2105 1018 2176 ὅπερ
1072 2108 1412 2161 πεπονθέναι
1451 2130 1567 2176 μοι
1608 2109 1818 2170 domic,-
1868 2105 2008 2174 ὅπερ
2044 2104 2108 2161 τι)

1663 2198 1898 2268 πλῆθος,

285 2288 481 2340 ceteri:

499 2371 608 2430 ἀλλ’
669 2372 819 2432 οἷσθ’
886 2376 918 2431 δ’
979 2402 1097 2448 μοι
1170 2379 1510 2433 πεπονθέναι
1574 2379 1786 2442 ὁοκεῖς;
1849 2373 1989 2445 ὅπερ
2044 2373 2107 2431 τὸ

1660 2470 1894 2538 πλῆθος,

283 2558 384 2610 nisi
445 2558 588 2626 quod
624 2558 970 2611 Florentinus
1028 2560 1294 2626 (Laurent
1329 2560 1414 2627 31,
1456 2560 1540 2621 15)
1600 2564 1647 2610 1·
1696 2567 1748 2610 et
1795 2559 1911 2629 ipse
1966 2554 2104 2626 ὅπερ

290 2649 531 2718 praebet,
578 2669 668 2715 μοι
725 2667 851 2702 vero
908 2650 1131 2715 omittit3
1176 2668 1335 2720 quem
1391 2649 1634 2701 codicem
1685 2648 1965 2701 sciendum
2023 2657 2105 2700 est

280 2738 500 2791 omnino
560 2739 791 2792 maxima
835 2759 904 2792 ex
959 2748 1110 2811 parte
1154 2759 1222 2792 ex
1262 2741 1575 2793 Ravennate
1618 2748 1669 2791 ct
1706 2740 1922 2792 Veneto
1963 2758 2104 2791 com-

280 2827 506 2896 pilatum
560 2848 676 2883 esse
716 2832 773 2898 ¹).
845 2831 910 2883 In
949 2831 1280 2884 Ravennatis
1327 2849 1457 2882 vero
1518 2839 1569 2882 et
1617 2830 1817 2883 Veneti
1875 2829 2104 2882 lectione

454 3045 494 3101 1)
526 3045 623 3088 Hoc
654 3046 720 3088 ita
753 3060 851 3089 esse
882 3060 975 3088 non
1005 3049 1100 3089 tam
1134 3061 1190 3089 ex
1223 3046 1286 3089 eis
1323 3046 1438 3090 locis
1468 3050 1673 3103 apparet.
1702 3046 1780 3089 ubi
1816 3049 1856 3088 Γ
1885 3059 1989 3088 eum
2020 3044 2103 3089 RV
2144 3102 2147 3105 Δ

277 3123 323 3165 iu
355 3124 478 3167 vitiis
512 3126 758 3177 consentit,
791 3141 926 3181 quam
950 3141 1005 3168 ex
1028 3127 1107 3176 eis,
1143 3127 1221 3169 ubi
1253 3127 1385 3169 unius
1409 3128 1652 3170 lectionem
1686 3127 1874 3182 recepit,
1909 3127 2100 3170 alterius

276 3206 511 3258 tamquam
543 3206 714 3247 variam
746 3207 992 3249 lectionem
1035 3208 1297 3262 adscripsit.
1361 3207 1435 3250 Sic
1456 3207 1540 3262 Eq.
1563 3209 1648 3249 473
1683 3207 1733 3248 R.
1766 3210 2099 3265 προςπέμπων,

273 3279 326 3321 V.
361 3282 642 3338 προςπεσὼι·,
675 3289 715 3326 Γ
745 3289 1064 3343 προςπεῇιιπων
1095 3303 1168 3342 γρ.
1200 3289 1483 3342 προςπεσιὺν,
1515 3301 1558 3328 v.
1577 3289 1662 3329 902
1681 3286 1735 3329 R.
1766 3287 2010 3343 πανοῦργε,
2047 3286 2096 3328 V.

275 3361 460 3419 πόνηρε,
499 3369 538 3405 Γ
571 3367 797 3422 πανοῦργε
827 3382 898 3422 γρ.
933 3362 1116 3422 πόνηρε,
1148 3366 1288 3422 Vesp.
1324 3369 1434 3410 1066
1467 3367 1517 3409 R.
1553 3362 1723 3424 ῥώμην,
1758 3367 1810 3410 V.
1842 3362 2032 3425 γνώμην
2062 3371 2101 3408 Γ
