<?xml version="1.0" encoding="UTF-8"?>
<!DOCTYPE html PUBLIC "-//W3C//DTD XHTML 1.0 Transitional//EN"
    "http://www.w3.org/TR/xhtml1/DTD/xhtml1-transitional.dtd">
<html xmlns="http://www.w3.org/1999/xhtml" xml:lang="en" lang="en">
 <head>
  <title>
</title>
<meta http-equiv="Content-Type" content="text/html;charset=utf-8" />
  <meta name='ocr-system' content='tesseract 3.04.00' />
  <meta name='ocr-capabilities' content='ocr_page ocr_carea ocr_par ocr_line ocrx_word'/>
</head>
<body>
  <div class='ocr_page' id='page_1' title='image "./deravennateetven00bambuoft_0026.png"; bbox 0 0 2267 3845; ppageno 0'>
   <div class='ocr_carea' id='block_1_1' title="bbox 1194 174 1263 227">
    <p class='ocr_par' dir='ltr' id='par_1_1' title="bbox 1194 174 1263 227">
     <span class='ocr_line' id='line_1_1' title="bbox 1194 174 1263 227; baseline 0 0"><span class='ocrx_word' id='word_1_1' title='bbox 1194 174 1263 227; x_wconf 79' lang='lat'><strong>20</strong></span> 
     </span>
    </p>
   </div>
   <div class='ocr_carea' id='block_1_2' title="bbox 301 323 2138 3282">
    <p class='ocr_par' dir='ltr' id='par_1_2' title="bbox 301 323 2138 3282">
     <span class='ocr_line' id='line_1_2' title="bbox 322 323 2134 393; baseline -0.002 -14"><span class='ocrx_word' id='word_1_2' title='bbox 322 332 409 382; x_wconf 78' lang='lat' dir='ltr'><strong>vel</strong></span> <span class='ocrx_word' id='word_1_3' title='bbox 457 329 671 380; x_wconf 78' lang='lat' dir='ltr'><strong>vocales</strong></span> <span class='ocrx_word' id='word_1_4' title='bbox 728 327 959 379; x_wconf 79' lang='lat' dir='ltr'><strong>habeant</strong></span> <span class='ocrx_word' id='word_1_5' title='bbox 1015 347 1081 378; x_wconf 83' lang='grc' dir='ltr'><strong>ια</strong></span> <span class='ocrx_word' id='word_1_6' title='bbox 1135 326 1247 378; x_wconf 80' lang='lat' dir='ltr'><strong>sive</strong></span> <span class='ocrx_word' id='word_1_7' title='bbox 1286 347 1347 378; x_wconf 79' lang='lat' dir='ltr'><strong>to</strong></span> <span class='ocrx_word' id='word_1_8' title='bbox 1390 325 1474 377; x_wconf 87' lang='lat' dir='ltr'><strong>vel</strong></span> <span class='ocrx_word' id='word_1_9' title='bbox 1522 344 1815 378; x_wconf 85' lang='lat' dir='ltr'><strong>consonam</strong></span> <span class='ocrx_word' id='word_1_10' title='bbox 1857 325 1938 393; x_wconf 73' lang='grc' dir='ltr'><strong>ῥ“,</strong></span> <span class='ocrx_word' id='word_1_11' title='bbox 1974 323 2134 376; x_wconf 88' lang='lat' dir='ltr'><strong>homo</strong></span> 
     </span>
     <span class='ocr_line' id='line_1_3' title="bbox 321 414 2137 486; baseline -0.002 -18"><span class='ocrx_word' id='word_1_12' title='bbox 321 419 658 471; x_wconf 68' lang='lat' dir='ltr'><strong>doctissimus·</strong></span> <span class='ocrx_word' id='word_1_13' title='bbox 701 418 1015 486; x_wconf 83' lang='lat' dir='ltr'><strong>suspicatur,</strong></span> <span class='ocrx_word' id='word_1_14' title='bbox 1059 417 1277 483; x_wconf 80' lang='lat' dir='ltr'><strong>„harum</strong></span> <span class='ocrx_word' id='word_1_15' title='bbox 1320 416 1613 468; x_wconf 88' lang='lat' dir='ltr'><strong>litterarum</strong></span> <span class='ocrx_word' id='word_1_16' title='bbox 1650 414 2137 485; x_wconf 77' lang='lat' dir='ltr'><strong>pronuntiationem</strong></span> 
     </span>
     <span class='ocr_line' id='line_1_4' title="bbox 322 503 2135 575; baseline -0.003 -15"><span class='ocrx_word' id='word_1_17' title='bbox 322 509 565 560; x_wconf 65' lang='lat' dir='ltr'><strong>habuisse</strong></span> <span class='ocrx_word' id='word_1_18' title='bbox 627 506 851 574; x_wconf 75' lang='lat' dir='ltr'><strong>aliquid,</strong></span> <span class='ocrx_word' id='word_1_19' title='bbox 909 505 1054 556; x_wconf 88' lang='lat' dir='ltr'><strong>unde</strong></span> <span class='ocrx_word' id='word_1_20' title='bbox 1107 506 1406 557; x_wconf 87' lang='lat' dir='ltr'><strong>communis</strong></span> <span class='ocrx_word' id='word_1_21' title='bbox 1455 506 1678 575; x_wconf 83' lang='lat' dir='ltr'><strong>regulae</strong></span> <span class='ocrx_word' id='word_1_22' title='bbox 1731 503 1950 556; x_wconf 87' lang='lat' dir='ltr'><strong>violatio</strong></span> <span class='ocrx_word' id='word_1_23' title='bbox 1992 522 2135 555; x_wconf 89' lang='lat' dir='ltr'><strong>com—</strong></span> 
     </span>
     <span class='ocr_line' id='line_1_5' title="bbox 324 593 2135 663; baseline -0.003 -13"><span class='ocrx_word' id='word_1_24' title='bbox 324 598 480 650; x_wconf 87' lang='lat' dir='ltr'><strong>mode</strong></span> <span class='ocrx_word' id='word_1_25' title='bbox 516 598 728 648; x_wconf 81' lang='lat' dir='ltr'><strong>veniam</strong></span> <span class='ocrx_word' id='word_1_26' title='bbox 776 595 1095 660; x_wconf 82' lang='lat' dir='ltr'><strong>inveniret“,</strong></span> <span class='ocrx_word' id='word_1_27' title='bbox 1150 596 1291 663; x_wconf 86' lang='lat' dir='ltr'><strong>quod</strong></span> <span class='ocrx_word' id='word_1_28' title='bbox 1346 596 1501 663; x_wconf 73' lang='lat' dir='ltr'><strong>quale</strong></span> <span class='ocrx_word' id='word_1_29' title='bbox 1548 593 1709 647; x_wconf 92' lang='lat' dir='ltr'><strong>fuerit</strong></span> <span class='ocrx_word' id='word_1_30' title='bbox 1746 611 1855 645; x_wconf 85' lang='lat' dir='ltr'><strong>non</strong></span> <span class='ocrx_word' id='word_1_31' title='bbox 1896 593 2135 662; x_wconf 76' lang='lat' dir='ltr'><strong>exponit.</strong></span> 
     </span>
     <span class='ocr_line' id='line_1_6' title="bbox 327 681 2135 739; baseline -0.003 0"><span class='ocrx_word' id='word_1_32' title='bbox 327 690 401 739; x_wconf 86' lang='lat' dir='ltr'><strong>At</strong></span> <span class='ocrx_word' id='word_1_33' title='bbox 441 689 575 738; x_wconf 81' lang='lat' dir='ltr'><strong>iusto</strong></span> <span class='ocrx_word' id='word_1_34' title='bbox 619 685 789 736; x_wconf 83' lang='lat' dir='ltr'><strong>levius</strong></span> <span class='ocrx_word' id='word_1_35' title='bbox 831 685 1064 736; x_wconf 85' lang='lat' dir='ltr'><strong>rationes</strong></span> <span class='ocrx_word' id='word_1_36' title='bbox 1101 684 1377 736; x_wconf 82' lang='lat' dir='ltr'><strong>subduxit.</strong></span> <span class='ocrx_word' id='word_1_37' title='bbox 1455 684 1691 736; x_wconf 86' lang='lat' dir='ltr'><strong>Primum</strong></span> <span class='ocrx_word' id='word_1_38' title='bbox 1726 683 1869 734; x_wconf 90' lang='lat' dir='ltr'><strong>enim</strong></span> <span class='ocrx_word' id='word_1_39' title='bbox 1911 681 2135 734; x_wconf 89' lang='lat' dir='ltr'><strong>comico-</strong></span> 
     </span>
     <span class='ocr_line' id='line_1_7' title="bbox 326 771 2137 843; baseline -0.003 -15"><span class='ocrx_word' id='word_1_40' title='bbox 326 796 439 828; x_wconf 84' lang='lat' dir='ltr'><strong>rum</strong></span> <span class='ocrx_word' id='word_1_41' title='bbox 481 778 625 828; x_wconf 77' lang='lat' dir='ltr'><strong>locos</strong></span> <span class='ocrx_word' id='word_1_42' title='bbox 666 795 769 826; x_wconf 88' lang='lat' dir='ltr'><strong>non</strong></span> <span class='ocrx_word' id='word_1_43' title='bbox 808 774 1040 826; x_wconf 82' lang='lat' dir='ltr'>debebat</span> <span class='ocrx_word' id='word_1_44' title='bbox 1076 773 1130 826; x_wconf 92' lang='lat' dir='ltr'><strong>in</strong></span> <span class='ocrx_word' id='word_1_45' title='bbox 1166 791 1383 825; x_wconf 84' lang='lat' dir='ltr'><strong>censum</strong></span> <span class='ocrx_word' id='word_1_46' title='bbox 1418 791 1638 839; x_wconf 83' lang='lat' dir='ltr'><strong>vocare3</strong></span> <span class='ocrx_word' id='word_1_47' title='bbox 1676 772 1874 824; x_wconf 85' lang='lat' dir='ltr'><strong>deinde</strong></span> <span class='ocrx_word' id='word_1_48' title='bbox 1915 772 1957 824; x_wconf 89' lang='lat' dir='ltr'><strong>si</strong></span> <span class='ocrx_word' id='word_1_49' title='bbox 1994 771 2137 843; x_wconf 90' lang='lat' dir='ltr'><strong>apud</strong></span> 
     </span>
     <span class='ocr_line' id='line_1_8' title="bbox 321 862 2138 934; baseline -0.002 -17"><span class='ocrx_word' id='word_1_50' title='bbox 321 867 556 930; x_wconf 66' lang='lat' dir='ltr'><strong>tragicos</strong></span> <span class='ocrx_word' id='word_1_51' title='bbox 593 865 932 934; x_wconf 79' lang='lat' dir='ltr'><strong>septuaginta</strong></span> <span class='ocrx_word' id='word_1_52' title='bbox 982 865 1233 934; x_wconf 87' lang='lat' dir='ltr'><strong>exempla</strong></span> <span class='ocrx_word' id='word_1_53' title='bbox 1278 872 1464 915; x_wconf 80' lang='lat' dir='ltr'><strong>extant</strong></span> <span class='ocrx_word' id='word_1_54' title='bbox 1521 864 1723 915; x_wconf 88' lang='lat' dir='ltr'><strong>solutae</strong></span> <span class='ocrx_word' id='word_1_55' title='bbox 1781 863 1999 931; x_wconf 85' lang='lat' dir='ltr'><strong>quintae</strong></span> <span class='ocrx_word' id='word_1_56' title='bbox 2038 862 2138 914; x_wconf 89' lang='lat' dir='ltr'><strong>tri-</strong></span> 
     </span>
     <span class='ocr_line' id='line_1_9' title="bbox 319 952 2132 1023; baseline -0.002 -16"><span class='ocrx_word' id='word_1_57' title='bbox 319 956 469 1008; x_wconf 81' lang='lat' dir='ltr'><strong>metri</strong></span> <span class='ocrx_word' id='word_1_58' title='bbox 509 973 705 1022; x_wconf 79' lang='lat' dir='ltr'><strong>arseos,</strong></span> <span class='ocrx_word' id='word_1_59' title='bbox 746 964 904 1023; x_wconf 76' lang='lat' dir='ltr'><strong>atque</strong></span> <span class='ocrx_word' id='word_1_60' title='bbox 936 972 1004 1005; x_wconf 83' lang='lat' dir='ltr'><strong>ex</strong></span> <span class='ocrx_word' id='word_1_61' title='bbox 1039 954 1121 1005; x_wconf 88' lang='lat' dir='ltr'><strong>his</strong></span> <span class='ocrx_word' id='word_1_62' title='bbox 1158 955 1442 1022; x_wconf 78' lang='lat' dir='ltr'><strong>sexaginta</strong></span> <span class='ocrx_word' id='word_1_63' title='bbox 1483 963 1622 1019; x_wconf 88' lang='lat' dir='ltr'><strong>sunt,</strong></span> <span class='ocrx_word' id='word_1_64' title='bbox 1664 954 1753 1006; x_wconf 91' lang='lat' dir='ltr'><strong>ubi</strong></span> <span class='ocrx_word' id='word_1_65' title='bbox 1793 955 1857 1005; x_wconf 92' lang='lat' dir='ltr'><strong>ab</strong></span> <span class='ocrx_word' id='word_1_66' title='bbox 1897 953 1994 1004; x_wconf 84' lang='lat' dir='ltr'><strong>hac</strong></span> <span class='ocrx_word' id='word_1_67' title='bbox 2030 952 2132 1004; x_wconf 86' lang='lat' dir='ltr'><strong>arsi</strong></span> 
     </span>
     <span class='ocr_line' id='line_1_10' title="bbox 316 1043 2131 1113; baseline -0.001 -16"><span class='ocrx_word' id='word_1_68' title='bbox 316 1063 511 1098; x_wconf 81' lang='lat' dir='ltr'><strong>novum</strong></span> <span class='ocrx_word' id='word_1_69' title='bbox 554 1045 872 1097; x_wconf 81' lang='lat' dir='ltr'><strong>vocabulum</strong></span> <span class='ocrx_word' id='word_1_70' title='bbox 913 1045 1211 1111; x_wconf 79' lang='lat' dir='ltr'><strong>exorditur,</strong></span> <span class='ocrx_word' id='word_1_71' title='bbox 1267 1043 1464 1096; x_wconf 88' lang='lat' dir='ltr'><strong>indene</strong></span> <span class='ocrx_word' id='word_1_72' title='bbox 1515 1044 1880 1113; x_wconf 76' lang='lat' dir='ltr'><strong>consequitur,</strong></span> <span class='ocrx_word' id='word_1_73' title='bbox 1920 1044 2023 1096; x_wconf 92' lang='lat' dir='ltr'><strong>hoc</strong></span> <span class='ocrx_word' id='word_1_74' title='bbox 2062 1061 2131 1095; x_wconf 89' lang='lat' dir='ltr'><strong>ex</strong></span> 
     </span>
     <span class='ocr_line' id='line_1_11' title="bbox 320 1133 2133 1206; baseline -0.002 -18"><span class='ocrx_word' id='word_1_75' title='bbox 320 1138 442 1205; x_wconf 82' lang='lat' dir='ltr'><strong>lege</strong></span> <span class='ocrx_word' id='word_1_76' title='bbox 484 1155 636 1205; x_wconf 81' lang='lat' dir='ltr'><strong>quam</strong></span> <span class='ocrx_word' id='word_1_77' title='bbox 695 1135 880 1204; x_wconf 79' lang='lat' dir='ltr'><strong>tragici</strong></span> <span class='ocrx_word' id='word_1_78' title='bbox 936 1135 1036 1187; x_wconf 86' lang='lat' dir='ltr'><strong>sibi</strong></span> <span class='ocrx_word' id='word_1_79' title='bbox 1079 1135 1395 1206; x_wconf 86' lang='lat' dir='ltr'><strong>scripserint</strong></span> <span class='ocrx_word' id='word_1_80' title='bbox 1433 1135 1505 1187; x_wconf 84' lang='lat' dir='ltr'><strong>ita</strong></span> <span class='ocrx_word' id='word_1_81' title='bbox 1546 1135 1782 1203; x_wconf 90' lang='lat' dir='ltr'><strong>factum,</strong></span> <span class='ocrx_word' id='word_1_82' title='bbox 1820 1133 2007 1187; x_wconf 89' lang='lat' dir='ltr'><strong>decem</strong></span> <span class='ocrx_word' id='word_1_83' title='bbox 2045 1134 2133 1202; x_wconf 89' lang='lat' dir='ltr'><strong>qui</strong></span> 
     </span>
     <span class='ocr_line' id='line_1_12' title="bbox 318 1224 2134 1296; baseline -0.002 -17"><span class='ocrx_word' id='word_1_84' title='bbox 318 1234 515 1279; x_wconf 83' lang='lat' dir='ltr'><strong>restant</strong></span> <span class='ocrx_word' id='word_1_85' title='bbox 551 1243 739 1277; x_wconf 83' lang='lat' dir='ltr'><strong>versus</strong></span> <span class='ocrx_word' id='word_1_86' title='bbox 784 1226 1132 1296; x_wconf 81' lang='lat' dir='ltr'><strong>exceptiones</strong></span> <span class='ocrx_word' id='word_1_87' title='bbox 1173 1226 1331 1277; x_wconf 80' lang='lat' dir='ltr'><strong>esse?</strong></span> <span class='ocrx_word' id='word_1_88' title='bbox 1373 1224 1439 1276; x_wconf 83' lang='lat' dir='ltr'><strong>Et</strong></span> <span class='ocrx_word' id='word_1_89' title='bbox 1463 1225 1632 1296; x_wconf 84' lang='lat' dir='ltr'><strong>qualis</strong></span> <span class='ocrx_word' id='word_1_90' title='bbox 1659 1226 1792 1277; x_wconf 87' lang='lat' dir='ltr'><strong>haec</strong></span> <span class='ocrx_word' id='word_1_91' title='bbox 1831 1226 1920 1277; x_wconf 90' lang='lat' dir='ltr'><strong>lex</strong></span> <span class='ocrx_word' id='word_1_92' title='bbox 1946 1224 2134 1276; x_wconf 88' lang='lat' dir='ltr'><strong>fuerit!</strong></span> 
     </span>
     <span class='ocr_line' id='line_1_13' title="bbox 322 1315 2137 1386; baseline -0.002 -18"><span class='ocrx_word' id='word_1_93' title='bbox 322 1316 380 1369; x_wconf 69' lang='lat' dir='ltr'><strong>‚Si</strong></span> <span class='ocrx_word' id='word_1_94' title='bbox 447 1317 639 1367; x_wconf 86' lang='lat' dir='ltr'><strong>licebat</strong></span> <span class='ocrx_word' id='word_1_95' title='bbox 708 1324 829 1367; x_wconf 86' lang='lat' dir='ltr'><strong>ante</strong></span> <span class='ocrx_word' id='word_1_96' title='bbox 896 1315 1143 1367; x_wconf 85' lang='lat' dir='ltr'><strong>ultimum</strong></span> <span class='ocrx_word' id='word_1_97' title='bbox 1203 1315 1397 1386; x_wconf 90' lang='lat' dir='ltr'><strong>pedem</strong></span> <span class='ocrx_word' id='word_1_98' title='bbox 1453 1315 1775 1368; x_wconf 85' lang='lat' dir='ltr'><strong>vocabulum</strong></span> <span class='ocrx_word' id='word_1_99' title='bbox 1833 1315 2137 1381; x_wconf 88' lang='lat' dir='ltr'><strong>conlocare,</strong></span> 
     </span>
     <span class='ocr_line' id='line_1_14' title="bbox 322 1405 2131 1476; baseline 0.002 -23"><span class='ocrx_word' id='word_1_100' title='bbox 322 1406 461 1474; x_wconf 84' lang='lat' dir='ltr'><strong>quod</strong></span> <span class='ocrx_word' id='word_1_101' title='bbox 502 1406 587 1456; x_wconf 78' lang='lat' dir='ltr'><strong>vel</strong></span> <span class='ocrx_word' id='word_1_102' title='bbox 629 1406 787 1456; x_wconf 87' lang='lat' dir='ltr'><strong>iambi</strong></span> <span class='ocrx_word' id='word_1_103' title='bbox 843 1406 930 1457; x_wconf 81' lang='lat' dir='ltr'><strong>vel</strong></span> <span class='ocrx_word' id='word_1_104' title='bbox 992 1405 1219 1476; x_wconf 86' lang='lat' dir='ltr'><strong>spondei</strong></span> <span class='ocrx_word' id='word_1_105' title='bbox 1257 1405 1346 1456; x_wconf 83' lang='lat' dir='ltr'><strong>vel</strong></span> <span class='ocrx_word' id='word_1_106' title='bbox 1405 1405 1588 1458; x_wconf 89' lang='lat' dir='ltr'><strong>cretici</strong></span> <span class='ocrx_word' id='word_1_107' title='bbox 1625 1424 1933 1458; x_wconf 86' lang='lat' dir='ltr'><strong>mensuram</strong></span> <span class='ocrx_word' id='word_1_108' title='bbox 1972 1422 2131 1458; x_wconf 87' lang='lat' dir='ltr'><strong>exae-</strong></span> 
     </span>
     <span class='ocr_line' id='line_1_15' title="bbox 314 1494 2136 1566; baseline 0.002 -19"><span class='ocrx_word' id='word_1_109' title='bbox 314 1503 517 1564; x_wconf 86' lang='lat' dir='ltr'><strong>quaret,</strong></span> <span class='ocrx_word' id='word_1_110' title='bbox 553 1515 648 1547; x_wconf 86' lang='lat' dir='ltr'><strong>cur</strong></span> <span class='ocrx_word' id='word_1_111' title='bbox 692 1514 800 1548; x_wconf 88' lang='lat' dir='ltr'><strong>non</strong></span> <span class='ocrx_word' id='word_1_112' title='bbox 835 1496 982 1562; x_wconf 88' lang='lat' dir='ltr'><strong>item,</strong></span> <span class='ocrx_word' id='word_1_113' title='bbox 1025 1496 1167 1564; x_wconf 91' lang='lat' dir='ltr'><strong>quod</strong></span> <span class='ocrx_word' id='word_1_114' title='bbox 1206 1495 1436 1547; x_wconf 86' lang='lat' dir='ltr'><strong>tribaehi</strong></span> <span class='ocrx_word' id='word_1_115' title='bbox 1478 1496 1566 1547; x_wconf 83' lang='lat' dir='ltr'><strong>vel</strong></span> <span class='ocrx_word' id='word_1_116' title='bbox 1606 1494 1807 1564; x_wconf 85' lang='lat' dir='ltr'><strong>dactyli</strong></span> <span class='ocrx_word' id='word_1_117' title='bbox 1843 1497 1930 1548; x_wconf 81' lang='lat' dir='ltr'><strong>vel</strong></span> <span class='ocrx_word' id='word_1_118' title='bbox 1969 1515 2136 1566; x_wconf 85' lang='lat' dir='ltr'><strong>paco-</strong></span> 
     </span>
     <span class='ocr_line' id='line_1_16' title="bbox 318 1585 2133 1657; baseline -0.001 -19"><span class='ocrx_word' id='word_1_119' title='bbox 318 1588 399 1638; x_wconf 89' lang='lat' dir='ltr'><strong>nis</strong></span> <span class='ocrx_word' id='word_1_120' title='bbox 436 1585 634 1657; x_wconf 75' lang='lat' dir='ltr'><strong>primi?</strong></span> <span class='ocrx_word' id='word_1_121' title='bbox 711 1585 873 1652; x_wconf 69' lang='lat' dir='ltr'><strong>Quid,</strong></span> <span class='ocrx_word' id='word_1_122' title='bbox 911 1596 969 1637; x_wconf 91' lang='lat' dir='ltr'><strong>ut</strong></span> <span class='ocrx_word' id='word_1_123' title='bbox 1009 1586 1261 1656; x_wconf 85' lang='lat' dir='ltr'><strong>exemplo</strong></span> <span class='ocrx_word' id='word_1_124' title='bbox 1305 1594 1441 1654; x_wconf 90' lang='lat' dir='ltr'><strong>utar,</strong></span> <span class='ocrx_word' id='word_1_125' title='bbox 1485 1606 1515 1637; x_wconf 84' lang='lat' dir='ltr'><strong>a</strong></span> <span class='ocrx_word' id='word_1_126' title='bbox 1559 1586 1767 1639; x_wconf 85' lang='lat' dir='ltr'><strong>ratione</strong></span> <span class='ocrx_word' id='word_1_127' title='bbox 1805 1586 2133 1657; x_wconf 89' lang='lat' dir='ltr'><strong>reprehendi</strong></span> 
     </span>
     <span class='ocr_line' id='line_1_17' title="bbox 318 1668 2134 1747; baseline 0 -20"><span class='ocrx_word' id='word_1_128' title='bbox 318 1685 491 1747; x_wconf 80' lang='lat' dir='ltr'><strong>potest</strong></span> <span class='ocrx_word' id='word_1_129' title='bbox 550 1677 602 1727; x_wconf 89' lang='lat' dir='ltr'><strong>in</strong></span> <span class='ocrx_word' id='word_1_130' title='bbox 658 1676 920 1744; x_wconf 71' lang='lat' dir='ltr'><strong>Aeschyli</strong></span> <span class='ocrx_word' id='word_1_131' title='bbox 959 1676 1113 1729; x_wconf 88' lang='lat' dir='ltr'><strong>Eum.</strong></span> <span class='ocrx_word' id='word_1_132' title='bbox 1152 1676 1249 1727; x_wconf 72' lang='lat'><strong>783</strong></span> <span class='ocrx_word' id='word_1_133' title='bbox 1291 1668 1402 1727; x_wconf 74' lang='grc' dir='ltr'><em>ἄλλ’</em></span> <span class='ocrx_word' id='word_1_134' title='bbox 1463 1675 1520 1729; x_wconf 81' lang='grc' dir='ltr'><strong>ἐκ</strong></span> <span class='ocrx_word' id='word_1_135' title='bbox 1573 1673 1704 1739; x_wconf 73' lang='grc' dir='ltr'><strong>Διὸς</strong></span> <span class='ocrx_word' id='word_1_136' title='bbox 1755 1672 1854 1744; x_wconf 72' lang='grc' dir='ltr'><strong>γὰρ</strong></span> <span class='ocrx_word' id='word_1_137' title='bbox 1909 1670 2134 1744; x_wconf 73' lang='grc' dir='ltr'><em>λαμπρὰ</em></span> 
     </span>
     <span class='ocr_line' id='line_1_18' title="bbox 314 1762 2130 1837; baseline 0.001 -20"><span class='ocrx_word' id='word_1_138' title='bbox 314 1762 578 1834; x_wconf 66' lang='grc' dir='ltr'><strong>μαρτύρια</strong></span> <span class='ocrx_word' id='word_1_139' title='bbox 611 1766 831 1835; x_wconf 68' lang='grc' dir='ltr'><em>παρῆνῖῖ</em></span> <span class='ocrx_word' id='word_1_140' title='bbox 869 1767 1008 1820; x_wconf 84' lang='lat' dir='ltr'><strong>Cum</strong></span> <span class='ocrx_word' id='word_1_141' title='bbox 1051 1767 1216 1833; x_wconf 71' lang='lat' dir='ltr'><strong>igitur</strong></span> <span class='ocrx_word' id='word_1_142' title='bbox 1260 1767 1394 1819; x_wconf 87' lang='lat' dir='ltr'><strong>haec</strong></span> <span class='ocrx_word' id='word_1_143' title='bbox 1431 1766 1522 1819; x_wconf 86' lang='lat' dir='ltr'><strong>lex</strong></span> <span class='ocrx_word' id='word_1_144' title='bbox 1565 1784 1663 1818; x_wconf 91' lang='lat' dir='ltr'><strong>nec</strong></span> <span class='ocrx_word' id='word_1_145' title='bbox 1702 1785 1801 1837; x_wconf 89' lang='lat' dir='ltr'><strong>per</strong></span> <span class='ocrx_word' id='word_1_146' title='bbox 1838 1784 1895 1818; x_wconf 87' lang='lat' dir='ltr'><strong>se</strong></span> <span class='ocrx_word' id='word_1_147' title='bbox 1937 1767 2130 1837; x_wconf 84' lang='lat' dir='ltr'><strong>proba·</strong></span> 
     </span>
     <span class='ocr_line' id='line_1_19' title="bbox 311 1856 2132 1926; baseline 0 -19"><span class='ocrx_word' id='word_1_148' title='bbox 311 1856 431 1908; x_wconf 88' lang='lat' dir='ltr'><strong>bilis</strong></span> <span class='ocrx_word' id='word_1_149' title='bbox 473 1857 539 1907; x_wconf 85' lang='lat' dir='ltr'><strong>sit</strong></span> <span class='ocrx_word' id='word_1_150' title='bbox 576 1857 927 1926; x_wconf 83' lang='lat' dir='ltr'><strong>nequeinter</strong></span> <span class='ocrx_word' id='word_1_151' title='bbox 966 1875 1249 1908; x_wconf 87' lang='lat' dir='ltr'><strong>numerum</strong></span> <span class='ocrx_word' id='word_1_152' title='bbox 1294 1875 1478 1908; x_wconf 91' lang='lat' dir='ltr'><strong>eorum</strong></span> <span class='ocrx_word' id='word_1_153' title='bbox 1518 1857 1780 1923; x_wconf 89' lang='lat' dir='ltr'><strong>locorum,</strong></span> <span class='ocrx_word' id='word_1_154' title='bbox 1814 1857 1904 1908; x_wconf 86' lang='lat' dir='ltr'><strong>ubi</strong></span> <span class='ocrx_word' id='word_1_155' title='bbox 1946 1857 2132 1909; x_wconf 88' lang='lat' dir='ltr'><strong>obser-</strong></span> 
     </span>
     <span class='ocr_line' id='line_1_20' title="bbox 317 1947 2135 2018; baseline 0 -21"><span class='ocrx_word' id='word_1_156' title='bbox 317 1956 434 1999; x_wconf 83' lang='lat' dir='ltr'><strong>vata</strong></span> <span class='ocrx_word' id='word_1_157' title='bbox 475 1957 570 2013; x_wconf 87' lang='lat' dir='ltr'><strong>est,</strong></span> <span class='ocrx_word' id='word_1_158' title='bbox 609 1956 767 2015; x_wconf 77' lang='lat' dir='ltr'><strong>atque</strong></span> <span class='ocrx_word' id='word_1_159' title='bbox 810 1966 1014 2016; x_wconf 91' lang='lat' dir='ltr'><strong>eorum,</strong></span> <span class='ocrx_word' id='word_1_160' title='bbox 1066 1948 1152 2018; x_wconf 88' lang='lat' dir='ltr'><strong>qui</strong></span> <span class='ocrx_word' id='word_1_161' title='bbox 1203 1947 1249 1999; x_wconf 90' lang='lat' dir='ltr'><strong>ei</strong></span> <span class='ocrx_word' id='word_1_162' title='bbox 1290 1956 1613 2018; x_wconf 84' lang='lat' dir='ltr'><strong>repugnant,</strong></span> <span class='ocrx_word' id='word_1_163' title='bbox 1649 1948 1787 1999; x_wconf 85' lang='lat' dir='ltr'><strong>iusta</strong></span> <span class='ocrx_word' id='word_1_164' title='bbox 1835 1947 2135 1999; x_wconf 83' lang='lat' dir='ltr'><strong>intercedat</strong></span> 
     </span>
     <span class='ocr_line' id='line_1_21' title="bbox 310 2036 2125 2107; baseline 0.001 -18"><span class='ocrx_word' id='word_1_165' title='bbox 310 2039 470 2106; x_wconf 83' lang='lat' dir='ltr'><strong>ratio,</strong></span> <span class='ocrx_word' id='word_1_166' title='bbox 526 2047 636 2089; x_wconf 89' lang='lat' dir='ltr'><strong>tota</strong></span> <span class='ocrx_word' id='word_1_167' title='bbox 687 2038 778 2088; x_wconf 91' lang='lat' dir='ltr'><strong>illa</strong></span> <span class='ocrx_word' id='word_1_168' title='bbox 817 2036 1050 2090; x_wconf 84' lang='lat' dir='ltr'><strong>Seidleri</strong></span> <span class='ocrx_word' id='word_1_169' title='bbox 1107 2039 1174 2090; x_wconf 88' lang='lat' dir='ltr'><strong>de</strong></span> <span class='ocrx_word' id='word_1_170' title='bbox 1210 2059 1282 2105; x_wconf 79' lang='grc' dir='ltr'><strong>ια,</strong></span> <span class='ocrx_word' id='word_1_171' title='bbox 1319 2058 1387 2100; x_wconf 83' lang='grc' dir='ltr'><strong>ιο,</strong></span> <span class='ocrx_word' id='word_1_172' title='bbox 1427 2058 1503 2106; x_wconf 83' lang='grc' dir='ltr'><strong>ερ,</strong></span> <span class='ocrx_word' id='word_1_173' title='bbox 1545 2058 1607 2105; x_wconf 82' lang='grc' dir='ltr'><strong>ορ</strong></span> <span class='ocrx_word' id='word_1_174' title='bbox 1648 2037 1951 2090; x_wconf 87' lang='lat' dir='ltr'><strong>litterarum</strong></span> <span class='ocrx_word' id='word_1_175' title='bbox 2000 2055 2125 2107; x_wconf 90' lang='lat' dir='ltr'><strong>pro-</strong></span> 
     </span>
     <span class='ocr_line' id='line_1_22' title="bbox 312 2127 2122 2182; baseline 0 -2"><span class='ocrx_word' id='word_1_176' title='bbox 312 2129 641 2180; x_wconf 67' lang='lat' dir='ltr'><strong>nuntiatione</strong></span> <span class='ocrx_word' id='word_1_177' title='bbox 680 2130 946 2181; x_wconf 87' lang='lat' dir='ltr'><strong>sententia</strong></span> <span class='ocrx_word' id='word_1_178' title='bbox 983 2129 1125 2180; x_wconf 90' lang='lat' dir='ltr'><strong>omni</strong></span> <span class='ocrx_word' id='word_1_179' title='bbox 1165 2130 1514 2182; x_wconf 87' lang='lat' dir='ltr'><strong>fundamento</strong></span> <span class='ocrx_word' id='word_1_180' title='bbox 1554 2136 1714 2181; x_wconf 89' lang='lat' dir='ltr'><strong>caret.</strong></span> <span class='ocrx_word' id='word_1_181' title='bbox 1756 2127 2122 2182; x_wconf 88' lang='lat' dir='ltr'><strong>Nihilominus</strong></span> 
     </span>
     <span class='ocr_line' id='line_1_23' title="bbox 309 2218 2124 2290; baseline 0 -21"><span class='ocrx_word' id='word_1_182' title='bbox 309 2220 361 2271; x_wconf 87' lang='lat' dir='ltr'><strong>in</strong></span> <span class='ocrx_word' id='word_1_183' title='bbox 420 2219 516 2270; x_wconf 88' lang='lat' dir='ltr'><strong>hac</strong></span> <span class='ocrx_word' id='word_1_184' title='bbox 566 2220 869 2289; x_wconf 79' lang='lat' dir='ltr'><strong>periculosa</strong></span> <span class='ocrx_word' id='word_1_185' title='bbox 923 2219 1008 2270; x_wconf 87' lang='lat' dir='ltr'><strong>via</strong></span> <span class='ocrx_word' id='word_1_186' title='bbox 1061 2238 1281 2272; x_wconf 88' lang='lat' dir='ltr'><strong>securus</strong></span> <span class='ocrx_word' id='word_1_187' title='bbox 1336 2237 1660 2290; x_wconf 82' lang='lat' dir='ltr'><strong>progressus</strong></span> <span class='ocrx_word' id='word_1_188' title='bbox 1718 2227 1798 2270; x_wconf 88' lang='lat' dir='ltr'><strong>est</strong></span> <span class='ocrx_word' id='word_1_189' title='bbox 1838 2218 2124 2272; x_wconf 85' lang='lat' dir='ltr'><strong>Eduardus</strong></span> 
     </span>
     <span class='ocr_line' id='line_1_24' title="bbox 308 2308 2122 2380; baseline 0.001 -22"><span class='ocrx_word' id='word_1_190' title='bbox 308 2308 380 2358; x_wconf 85' lang='lat' dir='ltr'>W</span> <span class='ocrx_word' id='word_1_191' title='bbox 399 2329 429 2360; x_wconf 88' lang='lat' dir='ltr'><strong>u</strong></span> <span class='ocrx_word' id='word_1_192' title='bbox 452 2308 528 2359; x_wconf 85' lang='lat' dir='ltr'><strong>ud</strong></span> <span class='ocrx_word' id='word_1_193' title='bbox 552 2327 618 2360; x_wconf 89' lang='lat' dir='ltr'><strong>er</strong></span> <span class='ocrx_word' id='word_1_194' title='bbox 644 2310 702 2360; x_wconf 49' lang='grc' dir='ltr'><strong>Γ».</strong></span> <span class='ocrx_word' id='word_1_195' title='bbox 777 2308 914 2362; x_wconf 86' lang='lat' dir='ltr'><strong>Cum</strong></span> <span class='ocrx_word' id='word_1_196' title='bbox 966 2309 1110 2361; x_wconf 89' lang='lat' dir='ltr'><strong>enim</strong></span> <span class='ocrx_word' id='word_1_197' title='bbox 1145 2309 1380 2364; x_wconf 84' lang='lat' dir='ltr'><strong>Seidleri</strong></span> <span class='ocrx_word' id='word_1_198' title='bbox 1423 2310 1606 2380; x_wconf 84' lang='lat' dir='ltr'><strong>legem</strong></span> <span class='ocrx_word' id='word_1_199' title='bbox 1641 2328 1671 2360; x_wconf 87' lang='lat' dir='ltr'><strong>a</strong></span> <span class='ocrx_word' id='word_1_200' title='bbox 1710 2309 1895 2380; x_wconf 89' lang='lat' dir='ltr'><strong>quinta</strong></span> <span class='ocrx_word' id='word_1_201' title='bbox 1965 2309 2122 2361; x_wconf 84' lang='lat' dir='ltr'><strong>etiam</strong></span> 
     </span>
     <span class='ocr_line' id='line_1_25' title="bbox 308 2399 2125 2469; baseline 0.002 -22"><span class='ocrx_word' id='word_1_202' title='bbox 308 2399 357 2448; x_wconf 85' lang='lat' dir='ltr'><strong>in</strong></span> <span class='ocrx_word' id='word_1_203' title='bbox 416 2408 618 2449; x_wconf 79' lang='lat' dir='ltr'><strong>ceteras</strong></span> <span class='ocrx_word' id='word_1_204' title='bbox 681 2399 905 2449; x_wconf 85' lang='lat' dir='ltr'><strong>trimetri</strong></span> <span class='ocrx_word' id='word_1_205' title='bbox 967 2399 1122 2451; x_wconf 86' lang='lat' dir='ltr'><strong>sedes</strong></span> <span class='ocrx_word' id='word_1_206' title='bbox 1180 2400 1569 2467; x_wconf 84' lang='lat' dir='ltr'><strong>transtulisset,</strong></span> <span class='ocrx_word' id='word_1_207' title='bbox 1625 2400 1781 2469; x_wconf 85' lang='lat' dir='ltr'><strong>eique</strong></span> <span class='ocrx_word' id='word_1_208' title='bbox 1832 2399 2125 2451; x_wconf 89' lang='lat' dir='ltr'><strong>nonnullos</strong></span> 
     </span>
     <span class='ocr_line' id='line_1_26' title="bbox 308 2474 2124 2557; baseline 0.002 -19"><span class='ocrx_word' id='word_1_209' title='bbox 308 2489 454 2539; x_wconf 85' lang='lat' dir='ltr'><strong>locos</strong></span> <span class='ocrx_word' id='word_1_210' title='bbox 476 2505 783 2556; x_wconf 78' lang='lat' dir='ltr'><strong>repugnare</strong></span> <span class='ocrx_word' id='word_1_211' title='bbox 808 2487 1033 2555; x_wconf 82' lang='lat' dir='ltr'><strong>videret,</strong></span> <span class='ocrx_word' id='word_1_212' title='bbox 1074 2507 1181 2540; x_wconf 90' lang='lat' dir='ltr'><strong>non</strong></span> <span class='ocrx_word' id='word_1_213' title='bbox 1206 2489 1376 2540; x_wconf 90' lang='lat' dir='ltr'><strong>solum</strong></span> <span class='ocrx_word' id='word_1_214' title='bbox 1419 2489 1484 2540; x_wconf 86' lang='lat' dir='ltr'><strong>ad</strong></span> <span class='ocrx_word' id='word_1_215' title='bbox 1527 2488 1756 2557; x_wconf 83' lang='lat' dir='ltr'><strong>eandem</strong></span> <span class='ocrx_word' id='word_1_216' title='bbox 1787 2474 1895 2551; x_wconf 46' lang='lat' dir='ltr'><strong>Teia,</strong></span> <span class='ocrx_word' id='word_1_217' title='bbox 1932 2475 2032 2557; x_wconf 46' lang='lat' dir='ltr'><strong>ao]</strong></span> <span class='ocrx_word' id='word_1_218' title='bbox 2068 2475 2124 2541; x_wconf 56' lang='lat' dir='ltr'><strong>{E</strong></span> 
     </span>
     <span class='ocr_line' id='line_1_27' title="bbox 301 2577 2117 2648; baseline 0.003 -22"><span class='ocrx_word' id='word_1_219' title='bbox 301 2577 597 2628; x_wconf 82' lang='lat' dir='ltr'><strong>litterarum</strong></span> <span class='ocrx_word' id='word_1_220' title='bbox 653 2577 838 2628; x_wconf 84' lang='lat' dir='ltr'><strong>miram</strong></span> <span class='ocrx_word' id='word_1_221' title='bbox 882 2579 1375 2648; x_wconf 85' lang='lat' dir='ltr'><strong>pronuntiationem</strong></span> <span class='ocrx_word' id='word_1_222' title='bbox 1419 2579 1667 2648; x_wconf 88' lang='lat' dir='ltr'><strong>confugit</strong></span> <span class='ocrx_word' id='word_1_223' title='bbox 1703 2587 1756 2631; x_wconf 90' lang='lat' dir='ltr'><strong>et</strong></span> <span class='ocrx_word' id='word_1_224' title='bbox 1790 2578 2000 2648; x_wconf 78' lang='grc' dir='ltr'><strong><em>πατέρα</em></strong></span> <span class='ocrx_word' id='word_1_225' title='bbox 2039 2580 2117 2632; x_wconf 87' lang='lat' dir='ltr'><strong>bi-</strong></span> 
     </span>
     <span class='ocr_line' id='line_1_28' title="bbox 303 2663 2122 2739; baseline 0.003 -21"><span class='ocrx_word' id='word_1_226' title='bbox 303 2669 596 2736; x_wconf 73' lang='lat' dir='ltr'><strong>syllabum,</strong></span> <span class='ocrx_word' id='word_1_227' title='bbox 649 2663 933 2739; x_wconf 58' lang='grc' dir='ltr'><strong>ἀμφύτερα</strong></span> <span class='ocrx_word' id='word_1_228' title='bbox 970 2669 1311 2737; x_wconf 84' lang='lat' dir='ltr'><strong>trisyllabum</strong></span> <span class='ocrx_word' id='word_1_229' title='bbox 1366 2688 1482 2722; x_wconf 88' lang='lat' dir='ltr'><strong>esse</strong></span> <span class='ocrx_word' id='word_1_230' title='bbox 1522 2669 1707 2737; x_wconf 86' lang='lat' dir='ltr'><strong>voluit,</strong></span> <span class='ocrx_word' id='word_1_231' title='bbox 1742 2688 1926 2723; x_wconf 80' lang='lat' dir='ltr'><strong>verum</strong></span> <span class='ocrx_word' id='word_1_232' title='bbox 1964 2671 2122 2723; x_wconf 87' lang='lat' dir='ltr'><strong>etiam</strong></span> 
     </span>
     <span class='ocr_line' id='line_1_29' title="bbox 307 2759 2121 2830; baseline 0.002 -21"><span class='ocrx_word' id='word_1_233' title='bbox 307 2759 668 2828; x_wconf 83' lang='lat' dir='ltr'><strong>„pronominis</strong></span> <span class='ocrx_word' id='word_1_234' title='bbox 710 2759 791 2822; x_wconf 79' lang='grc' dir='ltr'><strong>τίς</strong></span> <span class='ocrx_word' id='word_1_235' title='bbox 837 2759 1033 2811; x_wconf 89' lang='lat' dir='ltr'><strong>formas</strong></span> <span class='ocrx_word' id='word_1_236' title='bbox 1076 2759 1192 2811; x_wconf 77' lang='grc' dir='ltr'><strong>τίνα</strong></span> <span class='ocrx_word' id='word_1_237' title='bbox 1231 2768 1284 2812; x_wconf 93' lang='lat' dir='ltr'><strong>et</strong></span> <span class='ocrx_word' id='word_1_238' title='bbox 1318 2759 1416 2812; x_wconf 79' lang='grc' dir='ltr'><em>τίνι</em></span> <span class='ocrx_word' id='word_1_239' title='bbox 1478 2759 1552 2812; x_wconf 89' lang='lat' dir='ltr'><strong>sic</strong></span> <span class='ocrx_word' id='word_1_240' title='bbox 1603 2760 1769 2812; x_wconf 86' lang='lat' dir='ltr'><strong>fuisse</strong></span> <span class='ocrx_word' id='word_1_241' title='bbox 1808 2762 2121 2830; x_wconf 84' lang='lat' dir='ltr'><strong>pronuntia-</strong></span> 
     </span>
     <span class='ocr_line' id='line_1_30' title="bbox 303 2850 2118 2922; baseline 0.003 -24"><span class='ocrx_word' id='word_1_242' title='bbox 303 2858 398 2913; x_wconf 82' lang='lat' dir='ltr'><strong>tas,</strong></span> <span class='ocrx_word' id='word_1_243' title='bbox 436 2858 492 2899; x_wconf 89' lang='lat' dir='ltr'><strong>ut</strong></span> <span class='ocrx_word' id='word_1_244' title='bbox 528 2850 681 2900; x_wconf 83' lang='lat' dir='ltr'><strong>unius</strong></span> <span class='ocrx_word' id='word_1_245' title='bbox 710 2850 822 2901; x_wconf 88' lang='lat' dir='ltr'><strong>fere</strong></span> <span class='ocrx_word' id='word_1_246' title='bbox 862 2851 1102 2919; x_wconf 77' lang='lat' dir='ltr'><strong>syllabae</strong></span> <span class='ocrx_word' id='word_1_247' title='bbox 1144 2851 1310 2902; x_wconf 87' lang='lat' dir='ltr'><strong>instar</strong></span> <span class='ocrx_word' id='word_1_248' title='bbox 1343 2859 1551 2902; x_wconf 82' lang='lat' dir='ltr'><strong>essent·</strong></span> <span class='ocrx_word' id='word_1_249' title='bbox 1594 2851 1752 2903; x_wconf 85' lang='lat' dir='ltr'><strong>nobis</strong></span> <span class='ocrx_word' id='word_1_250' title='bbox 1788 2851 2118 2922; x_wconf 86' lang='lat' dir='ltr'><strong>persuadere</strong></span> 
     </span>
     <span class='ocr_line' id='line_1_31' title="bbox 301 2939 2119 3012; baseline 0.003 -23"><span class='ocrx_word' id='word_1_251' title='bbox 301 2948 521 2990; x_wconf 84' lang='lat' dir='ltr'><strong>conatus</strong></span> <span class='ocrx_word' id='word_1_252' title='bbox 562 2948 656 2991; x_wconf 89' lang='lat' dir='ltr'><strong>est.</strong></span> <span class='ocrx_word' id='word_1_253' title='bbox 730 2939 946 2991; x_wconf 87' lang='lat' dir='ltr'><strong>Vellem</strong></span> <span class='ocrx_word' id='word_1_254' title='bbox 998 2940 1242 2992; x_wconf 89' lang='lat' dir='ltr'><strong>homines</strong></span> <span class='ocrx_word' id='word_1_255' title='bbox 1281 2940 1624 2992; x_wconf 86' lang='lat' dir='ltr'><strong>doctissimos</strong></span> <span class='ocrx_word' id='word_1_256' title='bbox 1673 2940 1977 3010; x_wconf 87' lang='lat' dir='ltr'><strong>aperuisse,</strong></span> <span class='ocrx_word' id='word_1_257' title='bbox 2012 2960 2119 3012; x_wconf 90' lang='lat' dir='ltr'><strong>quo</strong></span> 
     </span>
     <span class='ocr_line' id='line_1_32' title="bbox 302 3024 2119 3103; baseline 0.002 -25"><span class='ocrx_word' id='word_1_258' title='bbox 302 3028 404 3079; x_wconf 84' lang='lat' dir='ltr'><strong>alio</strong></span> <span class='ocrx_word' id='word_1_259' title='bbox 444 3029 602 3080; x_wconf 87' lang='lat' dir='ltr'><strong>modo</strong></span> <span class='ocrx_word' id='word_1_260' title='bbox 641 3026 903 3096; x_wconf 73' lang='grc' dir='ltr'><strong>μαρτύρια</strong></span> <span class='ocrx_word' id='word_1_261' title='bbox 930 3030 1017 3081; x_wconf 87' lang='lat' dir='ltr'><strong>vel</strong></span> <span class='ocrx_word' id='word_1_262' title='bbox 1040 3024 1323 3101; x_wconf 72' lang='grc' dir='ltr'><strong>ἀμφότερα</strong></span> <span class='ocrx_word' id='word_1_263' title='bbox 1350 3051 1379 3082; x_wconf 88' lang='lat' dir='ltr'><strong>a</strong></span> <span class='ocrx_word' id='word_1_264' title='bbox 1406 3030 1578 3100; x_wconf 87' lang='lat' dir='ltr'><strong>poetis</strong></span> <span class='ocrx_word' id='word_1_265' title='bbox 1615 3030 1671 3082; x_wconf 92' lang='lat' dir='ltr'><strong>in</strong></span> <span class='ocrx_word' id='word_1_266' title='bbox 1707 3049 1919 3084; x_wconf 85' lang='lat' dir='ltr'><strong>versum</strong></span> <span class='ocrx_word' id='word_1_267' title='bbox 1947 3032 2119 3103; x_wconf 89' lang='lat' dir='ltr'><strong>recipi</strong></span> 
     </span>
     <span class='ocr_line' id='line_1_33' title="bbox 303 3118 2118 3192; baseline 0.003 -24"><span class='ocrx_word' id='word_1_268' title='bbox 303 3118 603 3186; x_wconf 86' lang='lat' dir='ltr'><strong>potuissent</strong></span> <span class='ocrx_word' id='word_1_269' title='bbox 646 3120 745 3170; x_wconf 87' lang='lat' dir='ltr'><strong>nisi</strong></span> <span class='ocrx_word' id='word_1_270' title='bbox 788 3120 859 3171; x_wconf 84' lang='lat' dir='ltr'><strong>ita</strong></span> <span class='ocrx_word' id='word_1_271' title='bbox 894 3129 953 3171; x_wconf 90' lang='lat' dir='ltr'><strong>ut</strong></span> <span class='ocrx_word' id='word_1_272' title='bbox 991 3122 1054 3172; x_wconf 87' lang='lat' dir='ltr'><strong>ab</strong></span> <span class='ocrx_word' id='word_1_273' title='bbox 1093 3140 1198 3171; x_wconf 90' lang='lat' dir='ltr'><strong>una</strong></span> <span class='ocrx_word' id='word_1_274' title='bbox 1233 3121 1337 3173; x_wconf 84' lang='lat' dir='ltr'><strong>arsi</strong></span> <span class='ocrx_word' id='word_1_275' title='bbox 1376 3120 1441 3172; x_wconf 85' lang='lat' dir='ltr'><strong>ad</strong></span> <span class='ocrx_word' id='word_1_276' title='bbox 1487 3121 1707 3172; x_wconf 85' lang='lat' dir='ltr'><strong>alteram</strong></span> <span class='ocrx_word' id='word_1_277' title='bbox 1763 3122 2118 3192; x_wconf 90' lang='lat' dir='ltr'><strong>pertinerent.</strong></span> 
     </span>
     <span class='ocr_line' id='line_1_34' title="bbox 304 3209 2109 3282; baseline 0.004 -24"><span class='ocrx_word' id='word_1_278' title='bbox 304 3209 484 3277; x_wconf 77' lang='lat' dir='ltr'><strong>Atque</strong></span> <span class='ocrx_word' id='word_1_279' title='bbox 523 3209 653 3260; x_wconf 84' lang='lat' dir='ltr'><strong>haec</strong></span> <span class='ocrx_word' id='word_1_280' title='bbox 706 3218 821 3261; x_wconf 88' lang='lat' dir='ltr'><strong>erat</strong></span> <span class='ocrx_word' id='word_1_281' title='bbox 867 3230 968 3280; x_wconf 87' lang='lat' dir='ltr'><strong>qua</strong></span> <span class='ocrx_word' id='word_1_282' title='bbox 1025 3212 1161 3263; x_wconf 87' lang='lat' dir='ltr'><strong>falsa</strong></span> <span class='ocrx_word' id='word_1_283' title='bbox 1209 3211 1461 3282; x_wconf 88' lang='lat' dir='ltr'><strong>opinione</strong></span> <span class='ocrx_word' id='word_1_284' title='bbox 1513 3220 1729 3282; x_wconf 88' lang='lat' dir='ltr'><strong>captum</strong></span> <span class='ocrx_word' id='word_1_285' title='bbox 1779 3212 1945 3265; x_wconf 87' lang='lat' dir='ltr'><strong>fuisse</strong></span> <span class='ocrx_word' id='word_1_286' title='bbox 1996 3212 2109 3265; x_wconf 88' lang='lat' dir='ltr'><strong>dixi</strong></span> 
     </span>
    </p>
   </div>
   <div class='ocr_carea' id='block_1_3' title="bbox 467 3408 1451 3468">
    <p class='ocr_par' dir='ltr' id='par_1_3' title="bbox 467 3408 1451 3468">
     <span class='ocr_line' id='line_1_35' title="bbox 467 3408 1451 3468; baseline 0.007 -19"><span class='ocrx_word' id='word_1_287' title='bbox 467 3410 506 3452; x_wconf 69' lang='lat'><strong>1&#39;)</strong></span> <span class='ocrx_word' id='word_1_288' title='bbox 539 3408 727 3452; x_wconf 68' lang='lat' dir='ltr'><strong>Advers.</strong></span> <span class='ocrx_word' id='word_1_289' title='bbox 766 3410 811 3452; x_wconf 87' lang='lat' dir='ltr'><strong>in</strong></span> <span class='ocrx_word' id='word_1_290' title='bbox 845 3409 984 3465; x_wconf 89' lang='lat' dir='ltr'><strong>Soph.</strong></span> <span class='ocrx_word' id='word_1_291' title='bbox 1016 3411 1211 3455; x_wconf 87' lang='lat' dir='ltr'><strong>Philoct.</strong></span> <span class='ocrx_word' id='word_1_292' title='bbox 1244 3426 1287 3468; x_wconf 88' lang='lat' dir='ltr'><strong>p.</strong></span> <span class='ocrx_word' id='word_1_293' title='bbox 1311 3412 1366 3455; x_wconf 84' lang='lat'><strong>23</strong></span> <span class='ocrx_word' id='word_1_294' title='bbox 1385 3426 1451 3468; x_wconf 90' lang='lat' dir='ltr'><strong>sq.</strong></span> 
     </span>
    </p>
   </div>
   <div class='ocr_carea' id='block_1_4' title="bbox 2227 1812 2267 3845">
    <p class='ocr_par' dir='ltr' id='par_1_4' title="bbox 2227 1812 2267 3845">
     <span class='ocr_line' id='line_1_36' title="bbox 2227 1812 2267 3845; baseline 0 0"><span class='ocrx_word' id='word_1_295' title='bbox 2227 1812 2267 3845; x_wconf 95' lang='lat' dir='ltr'><strong> </strong></span> 
     </span>
    </p>
   </div>
  </div>
 </body>
</html>
