2267 3845
1122 151 1192 203 34
1231 193 1236 196 .

259 315 420 367 tiores
475 329 675 383 poenas
729 308 903 360 dant.“
964 305 1170 358 Eodem
1222 302 1484 373 temporis
1536 306 1807 352 momento
1860 298 2073 367 accidit,

257 412 315 456 ut
367 402 462 453 ille
521 401 859 470 omnipotens
925 397 977 448 in
1036 396 1206 447 lutum
1265 392 1606 462 ingrediatur
1661 400 1715 442 et
1772 389 2071 442 exclamet:

260 493 370 559 „At
424 490 508 542 hic
563 488 693 541 mihi
752 486 968 538 vadenti
1021 484 1166 536 lutus
1227 500 1343 534 esse
1405 480 1670 532 videtur.“
1729 478 1841 534 Sed
1891 478 2071 530 animo

260 587 508 649 correpto
547 578 728 648 pergit
787 576 854 627 de
911 582 1229 644 tempestate
1280 573 1449 624 fusius
1492 588 1689 639 agens:
1733 611 1757 635 n
1797 567 1916 620 Nec
1953 565 2073 618 fieri

258 679 451 741 potest,
490 669 615 739 quin
655 668 813 718 ctiam
856 665 937 717 his
976 663 1245 733 proximis
1284 661 1475 714 diebus
1516 661 1690 732 pluat3
1729 658 1885 728 fungi
1924 666 2073 710 certe

258 762 592 814 incrementa
630 763 846 810 sumunt
883 755 1014 807 etc.“

422 869 535 920 Iam
576 868 676 938 ipsi
720 866 1045 936 optimorum
1085 863 1331 916 codicum
1373 880 1475 932 ope
1513 859 1837 912 emendandi
1865 857 2074 930 pericu-

258 962 365 1012 lum
405 958 713 1011 subibimuS.
746 955 986 1007 Primum
1015 953 1127 1022 Eq.
1152 953 1253 1005 388
1292 953 1345 1004 in
1388 951 1645 1003 iudicium
1675 969 1955 1015 vocemu53
1982 948 2078 1001 ubi-

258 1052 313 1104 in
352 1050 595 1102 omnibus
646 1047 764 1099 aliis
819 1045 1095 1098 codicibus
1157 1044 1358 1113 legitur
1411 1042 1577 1112 μηδὲν
1621 1035 1859 1111 ὅλίγον
1907 1040 2075 1106 ποί-ει,

257 1151 397 1192 unus
426 1140 708 1192 Ravennas
748 1137 966 1188 exhibet
1003 1134 1167 1205 μηδὲν
1209 1132 1505 1187 ἔλαττον
1538 1133 1705 1185 ποίει.
1743 1133 1903 1184 Illam
1944 1131 2078 1183 scri-

259 1239 466 1302 pturam
529 1247 714 1280 omnes
772 1236 1124 1298 receperunt3
1183 1245 1300 1277 nam
1360 1225 1715 1291 Dindorfius,
1770 1223 1859 1291 qui
1912 1221 2078 1292 μηδὲν

259 1317 572 1389 ἐλαφρὸν
608 1317 755 1369 ποίει
795 1316 1139 1369 scribendum
1178 1333 1295 1366 esse
1331 1315 1657 1380 coniecerat,
1692 1309 1747 1365 in
1774 1312 2077 1367 Oxoniensi

259 1410 494 1461 editione
534 1416 834 1459 ceterorum
861 1406 1170 1477 exemplum
1211 1415 1425 1457 secutus
1455 1414 1548 1456 est.
1593 1405 1672 1456 At
1707 1424 1897 1475 parum
1931 1411 2078 1456 recte

258 1499 313 1550 hi
357 1516 540 1551 omnes
596 1497 774 1566 egisse
827 1497 1099 1549 videntur.
1175 1497 1473 1565 Berglerus
1530 1495 1749 1564 quidem
1811 1494 2081 1546 adtulerat

258 1589 592 1658 Thucydidis
652 1589 798 1640 locos
858 1587 946 1656 qui
1003 1587 1326 1638 videbantur
1382 1586 1586 1638 similes
1640 1585 1768 1637 hos:
1820 1585 1940 1651 8,15
1990 1582 2081 1637 καὶ

259 1674 437 1748 ὀλίγον
474 1674 780 1745 ἐπράσσετο
828 1671 1008 1740 oddar,
1051 1678 1132 1740 28
1172 1670 1352 1745 ὀλίγον
1387 1696 1445 1728 τε
1485 1672 1747 1728 ἐπενόουν
1786 1668 1942 1727 οὐδὲν
1974 1666 2081 1742 ἆμ-

257 1766 497 1840 φότεροι,
538 1768 605 1820 cf.
640 1769 773 1835 7,59,
815 1768 886 1819 ib.
909 1768 973 1819 87
1019 1761 1199 1836 ὀλίγον
1236 1759 1392 1819 οῖ’·ὁέν
1427 1762 1940 1836 κακοπαθήσαντες
1978 1765 2082 1818 ‘sed'

260 1860 516 1912 differunt
569 1858 623 1910 hi
677 1859 781 1910 loci
823 1860 887 1911 ab
935 1858 1337 1929 Aristophanis,
1379 1857 1522 1926 quod
1581 1858 1661 1908 his
1719 1858 1846 1908 locis
1895 1853 2078 1917 litotes

259 1950 606 2020 agnoscenda
645 1957 741 2015 est,
780 1968 883 2019 qua
923 1949 1178 2000 orationis
1217 1948 1297 1999 vis
1345 1967 1501 2018 quam
1543 1947 1778 1999 maxime
1830 1955 2080 2015 augetur,

259 2041 360 2092 hoc
400 2041 533 2107 loco,
578 2040 644 2092 de
683 2059 788 2110 quo
831 2040 1030 2106 agitur,
1073 2038 1296 2108 agnosci
1334 2056 1442 2088 non
1490 2046 1683 2108 potest.
1744 2037 1872 2095 ,Sed
1910 2039 2080 2089 multo

259 2130 418 2183 etiam
455 2130 710 2182 maiorem
762 2129 1150 2182 dubitationem
1190 2128 1306 2200 ipsa
1345 2128 1436 2180 illa
1475 2128 1694 2197 optimi,
1733 2137 1793 2180 ut
1826 2127 2080 2194 vidimuS‚

259 2221 314 2272 in
355 2221 453 2273 hac
492 2221 674 2273 fabula
722 2220 923 2272 codicis
964 2220 1289 2273 Ravennatis
1327 2219 1472 2270 varia
1509 2218 1667 2269 lectio
1707 2227 1905 2285 movet,
1945 2236 2079 2289 quae

258 2310 538 2381 interpreti
595 2311 863 2381 quomodo
902 2311 1090 2363 deberi
1139 2311 1428 2363 Dindorfio
1472 2309 1644 2362 videri
1684 2309 1937 2379 potuerit,
1975 2326 2081 2378 ego

259 2420 365 2452 non
401 2401 680 2470 adsequor.
730 2401 871 2454 Nam
909 2420 1230 2470 quamquam
1274 2419 1408 2469 quae
1447 2420 1590 2452 nunc
1626 2401 1882 2469 leguntur
1916 2398 2083 2469 μηδὲν

261 2487 481 2543 ἔλαττον
518 2490 667 2543 ποίει
710 2509 807 2562 per
863 2508 919 2542 se
976 2478 1118 2542 ferri·
1163 2499 1454 2559 nequeunt,
1513 2498 1693 2542 tamen
1745 2507 1807 2541 ea
1859 2489 2079 2541 omnino

261 2580 394 2633 falsa
430 2599 546 2633 esse
585 2589 696 2632 tum
721 2581 940 2632 demum
980 2581 1111 2632 mihi
1151 2581 1505 2652 persuaseriS,
1542 2582 1582 2632 si
1623 2579 2082 2632 demonstraveris

259 2670 399 2722 inter
451 2669 614 2739 μηδὲν
668 2679 721 2722 et
779 2668 1002 2722 ἐῖαῑτον
1063 2671 1198 2723 nihil
1251 2671 1579 2723 intercidere
1635 2669 1906 2740 potuisse,
1974 2688 2080 2738 quo

261 2760 504 2812 restituto
546 2770 598 2812 et
643 2760 799 2812 metri
843 2770 895 2812 et
941 2761 1246 2813 sententiae
1281 2761 1585 2829 integritati
1625 2760 1929 2813 satisfieret.
2002 2760 2083 2813 At

261 2868 368 2902 non
403 2850 575 2901 solum
619 2850 721 2902 hoc
771 2870 880 2902 non
920 2851 1122 2922 poteris
1164 2850 1554 2918 demonstrare,
1590 2868 1778 2902 verum
1817 2851 1978 2902 etiam
2023 2850 2084 2903 in

263 2939 359 2991 hac
398 2940 731 3011 antistropha
770 2941 1029 2993 nonnulla
1065 2930 1228 2992 verba
1269 2941 1607 2993 intercidisse
1647 2940 1958 2992 iamdudum
2000 2941 2078 2994 in·

263 3030 535 3082 tellectum
575 3038 668 3082 est.
722 3030 1059 3083 Erraverunt
1099 3049 1229 3082 vero
1274 3030 1364 3098 qui
1404 3039 1527 3101 post
1562 3031 1771 3102 φαῦλον
1808 3018 1899 3083 ὧδ’
1945 3031 2080 3084 duos

264 3119 490 3172 creticos
532 3119 871 3171 intercidisse
903 3130 1253 3190 putaverunt3
1291 3121 1373 3174 his
1413 3122 1555 3173 enim
1582 3121 1761 3173 verbis
1797 3139 1866 3174 ne
1903 3130 2083 3193 potest

266 3209 481 3276 quidem
546 3210 830 3278 quicquam
899 3211 1038 3264 addi.
1135 3212 1281 3278 Quid
1344 3212 1511 3280 igitur
1564 3211 1898 3282 probabilius
1962 3229 2082 3264 esse

268 3307 441 3366 potest
484 3317 643 3368 quam
690 3301 837 3352 illam
896 3302 1139 3354 lacunam
1177 3302 1319 3355 inter
1357 3302 1522 3372 μηδὲν
1561 3298 1877 3355 εῐ·ἐ’).αττον
1918 3320 2082 3371 quae-
