2267 3845
1054 225 1124 276 25

194 378 345 431 uncis
398 377 661 429 inclusum
716 377 922 428 addidit
972 396 1020 426 v.
1060 375 1175 427 1268.
1249 375 1361 426 Hoc
1421 374 1684 426 scholium
1737 372 1876 423 enim
1937 370 2000 426 ad
2050 401 2055 409 ·

190 468 386 533 v.173‚
430 467 574 519 unde
632 467 854 518 trimetri
914 465 1120 516 iambici
1162 465 1542 530 exordiuntur,
1613 462 1886 533 pertinere
1946 469 2005 511 ut

195 557 325 609 inde
366 557 612 609 concludi
657 563 890 627 poterat,
933 556 1073 622 quod
1119 555 1404 606 scholiasta
1442 554 1685 605 Venetus
1720 552 1784 603 ad
1823 570 1868 603 v.
1908 552 2006 602 154

191 647 584 717 anapaesticum
639 654 844 696 tantum
908 653 1175 712 systema,
1235 643 1471 694 Aldinae
1532 660 1660 694 vero
1718 641 2008 693 scholiasta

192 737 352 789 etiam
391 742 598 806 septem
634 735 720 803 qui
752 743 1001 786 secuntur
1036 734 1294 785 iambicos
1317 734 1587 784 trimetros
1625 731 2006 800 descripserat,

197 826 269 878 ita
306 825 735 878 luculentissime
774 823 899 874 indc
934 831 1173 893 apparet,
1213 822 1353 890 quod
1393 823 1433 873 si
1471 839 1692 873 numero
1728 820 1822 870 172
1853 819 2006 870 addis

197 933 474 968 numerum
511 909 617 982 ρκς’
661 929 943 963 numerum
972 913 1071 963 298
1110 912 1280 963 efficis
1317 912 1348 963 i.
1382 930 1423 962 c.
1459 912 1572 963 cius
1607 928 1796 962 versus
1825 927 2006 960 nume-

196 1025 331 1071 rum,
378 1005 467 1074 qui
506 1004 725 1055 ultimus
766 1012 846 1055 est
885 1021 951 1054 ex
993 1003 1073 1053 his
1117 1002 1376 1069 iambicis,
1413 1001 1499 1053 καὶ
1540 996 1825 1069 νησιώτας·
1866 998 2005 1064 δεῦρ’

199 1092 264 1148 ἴτ’
307 1084 352 1146 ὦ
391 1090 591 1156 πάντες
629 1090 750 1145 λεώ.
826 1092 907 1144 Ex
949 1093 1026 1144 his
1069 1111 1200 1160 quae
1250 1093 1470 1162 exposui
1522 1091 1859 1144 scholiastam
1900 1088 2011 1139 Ve-

198 1194 381 1236 netum
415 1184 456 1236 si
494 1184 876 1254 interpretatus
910 1182 1030 1243 eriS,
1071 1183 1356 1250 intelleges
1397 1200 1514 1233 eum
1551 1181 1752 1245 testari,
1792 1178 2010 1245 antiquo

195 1275 376 1343 aliquo
418 1284 659 1344 tempore
699 1273 752 1324 in
795 1273 1072 1324 codicibus
1113 1273 1427 1340 quibusdam
1470 1279 1589 1339 post
1625 1289 1672 1321 v.
1710 1270 1812 1321 223
1851 1266 2010 1319 exsti-

197 1367 328 1418 tisse
374 1360 639 1431 κωλάριον
692 1359 812 1415 τόδε
873 1362 955 1429 „cl
997 1364 1181 1432 cprjot‘ss
1233 1370 1352 1431 post
1393 1379 1440 1409 V.
1477 1359 1573 1410 261
1626 1354 1745 1409 τάδε
1789 1353 1871 1426 »ἰὴ
1913 1352 2012 1425 ἰήκ*

201 1456 314 1508 Iam
353 1456 497 1524 quod
523 1455 702 1525 priore
742 1455 861 1506 loco
891 1470 1006 1505 sese
1043 1452 1311 1503 invenisse
1353 1449 1532 1515 tradit,
1564 1446 1854 1500 dummodo
1882 1463 2011 1516 φησι

203 1549 256 1599 in
297 1566 403 1618 φης
440 1554 725 1610 mutemus,
783 1544 983 1615 optime
1037 1541 1260 1613 quadrat
1315 1542 1368 1592 in
1411 1537 1790 1609 Aristophanis
1833 1536 2013 1587 verba.

201 1637 464 1693 Similiter
515 1636 655 1688 enim
703 1644 853 1686 extra
894 1652 1107 1686 versum
1146 1631 1199 1683 τί
1236 1627 1376 1702 φήςς
1420 1626 1830 1695 interrogationi
1866 1643 2011 1697 prae-

206 1728 424 1779 missum
483 1734 564 1776 est
614 1724 757 1777 Nub.
792 1724 893 1775 5235
932 1723 984 1774 τί
1020 1719 1149 1793 φής,·
1192 1719 1217 1792 ἡ
1258 1719 1480 1792 φροντὶς
1516 1716 1653 1769 ἕλκει
1693 1713 1789 1787 τὴν
1840 1711 2013 1782 ἰκμάδ’

205 1815 282 1880 εἷς
315 1813 381 1868 τὰ
416 1812 687 1884 κάρδαμα;
725 1825 776 1866 et
816 1815 916 1883 Eq.
964 1815 1093 1864 1340·
1134 1812 1185 1864 τί
1222 1808 1361 1882 φήςς
1407 1807 1555 1861 ταυτί
1591 1808 1642 1875 μ’
1687 1804 1875 1875 ἔδρων,
1917 1801 2018 1874 ἐγώ

204 1905 263 1959 δὲ
301 1907 443 1958 τοῦτ’
486 1898 581 1957 οὔκ
628 1898 908 1976 ᾗσθόμιρη
951 1903 1087 1956 Cum
1129 1906 1293 1963 ποῖος
1332 1918 1461 1950 vero
1502 1898 1846 1950 coniunctum
1883 1896 2022 1964 legi-

208 2005 296 2048 tur
331 1995 384 2047 ·τί
416 1994 583 2063 λέγεις
620 1990 711 2057 ‹Ji-‚-
747 1995 834 2046 vel
858 1993 910 2044 τί
949 1989 1012 2046 σὺ
1052 1991 1245 2060 ),έγεις;
1288 1991 1452 2060 Vesp.
1484 1988 1614 2039 1378
1639 1986 1692 2039 τί
1730 1985 1899 2055 λέγεις
1925 1981 2020 2046 σύ,-

207 2091 370 2149 ποῖος
404 2078 556 2153 &gog-,-
595 2094 646 2137 et
687 2085 787 2137 Av.
829 2084 961 2135 1233
1008 2082 1056 2133 τί
1093 2078 1157 2133 σὺ
1208 2079 1406 2149 λέγεις,·
1464 2077 1648 2140 ποίοις
1703 2079 1891 2139 θεοῖς,·
1933 2080 2020 2128 IP.

204 2175 444 2229 ποίοισιν
458 2198 472 2238 ,·
511 2171 634 2245 ἡμῖν
675 2177 789 2236 τοῖς
827 2172 880 2225 ἐν
918 2166 1125 2242 οὖρανῴ
1168 2175 1343 2233 θεοῖς.
1419 2169 1555 2222 Cum
1594 2168 1761 2235 igitur
1794 2165 1848 2217 τί
1884 2162 2022 2237 φής,·

207 2265 284 2329 εἰς
321 2269 517 2327 noim,-
555 2265 773 2316 minime
814 2266 878 2316 ab
917 2262 1294 2332 Aristophanis
1333 2259 1544 2311 dicendi
1585 2277 1681 2310 usu
1720 2257 2024 2323 abhorreat,

207 2357 348 2409 idem
389 2373 517 2407 vero
577 2362 678 2405 tam
726 2353 988 2421 exquisite
1035 2352 1238 2403 dictum
1292 2349 1378 2416 sit,
1416 2358 1473 2399 ut
1517 2348 1603 2398 vix
1642 2345 1815 2398 videri
1855 2346 2024 2416 possit

208 2448 272 2498 ab
312 2446 490 2497 aliena
530 2464 686 2496 manu
725 2443 963 2494 additum
1002 2460 1136 2508 esse,
1177 2460 1285 2492 non
1319 2439 1503 2491 dubito
1545 2438 1675 2508 quin
1714 2456 1783 2489 ex
1824 2436 2024 2506 ignotis

209 2537 316 2589 illis
360 2535 634 2587 codicibus
676 2532 727 2585 τί
768 2528 908 2604 φής,·
963 2530 1330 2600 rccipiendum
1370 2529 1448 2579 sit.
1525 2527 1600 2580 Eo
1644 2527 1816 2579 minus
1874 2526 2024 2578 dubi-

203 2627 305 2679 tari
355 2634 560 2697 potest,
616 2625 741 2693 quin
791 2624 948 2674 etiam
993 2622 1134 2690 quod
1179 2621 1244 2672 de.
1284 2616 1335 2689 21}
1374 2615 1422 2688 ἰή
1466 2618 1755 2670 scholiasta
1800 2617 2023 2668 tradidit

209 2717 275 2768 ad
320 2718 515 2769 bonum
560 2716 761 2767 fontem
798 2715 996 2766 redeat.
1072 2715 1154 2763 Ac
1195 2719 1475 2781 postquam
1518 2709 1770 2761 Polemus
1812 2706 2030 2776 Cydoe-

211 2825 354 2858 mum
414 2806 566 2858 iussit
618 2805 878 2875 pistillum
939 2804 1003 2854 ab
1051 2800 1476 2853 Atheniensibus
1535 2806 1756 2868 petere,
1818 2805 2026 2848 terrore

214 2905 512 2949 commotus
569 2896 852 2965 Trygacus
892 2893 1186 2946 rectissime
1243 2891 1543 2942 exclamare
1594 2888 1809 2940 videtur
1854 2883 1904 2956 ἰν)
1958 2882 2027 2955 ἰή.

214 2989 365 3055 Quae
410 3005 534 3038 vero
577 2987 678 3038 hoc
721 2987 840 3037 loco
892 2984 1179 3036 metuentis
1231 2981 1388 3033 simul
1440 2989 1490 3030 ct
1532 2979 1784 3045 dolentis,
1835 2978 2027 3029 eadem

211 3077 510 3128 interiectio
550 3095 598 3127 V.
641 3078 739 3127 195
776 3075 1095 3140 cavillantis,
1136 3093 1182 3123 r.
1214 3074 1316 3124 455
1354 3070 1488 3122 adeo
1529 3068 1816 3121 exultantis
1860 3076 1956 3119 est.

380 3166 455 3220 Ut
489 3167 656 3235 igitur
697 3166 761 3216 ad
803 3165 1135 3234 propositum
1175 3162 1475 3226 redeamus,
1502 3160 1635 3212 Ran.
1659 3160 1722 3209 :37
1764 3159 1879 3209 sine
1919 3157 2029 3207 ulla

213 3256 543 3308 dubitatione
582 3275 793 3308 mecum
837 3256 1074 3306 scribes:

351 3338 460 3397 ἄλλ’
500 3339 726 3413 ἅνδρός;
764 3378 803 3382 -
848 3338 1136 3395 ἀπαπαῖ.
1173 3375 1235 3379 -
1264 3343 1535 3411 ξυνεγένου
1575 3342 1659 3410 τῷ
1695 3336 2033 3392 Κλεισθένει.

382 3430 480 3488 His
523 3438 730 3490 duobus
769 3445 883 3488 erat
922 3455 1024 3506 quo
1065 3444 1308 3505 tempore
1351 3432 1497 3486 aliud
1539 3430 1851 3501 exemplum
1887 3427 2027 3479 adici
