2267 3845
1027 211 1056 261 7

299 369 470 420 Vides
496 371 618 419 'non
659 366 731 417 ita
771 365 937 416 multa
975 382 1036 415 ea
1070 381 1188 414 esse
1226 361 1503 427 utriusque
1559 357 1758 410 codicis
1797 355 1945 422 vitia,

139 477 276 528 quae
315 457 546 510 dubitari
602 462 866 522 nequeat,
922 453 1051 523 quin
1093 470 1162 504 ex
1210 450 1401 502 eodeni
1454 449 1605 499 fonte
1657 445 1943 510 fluxerint;

132 567 254 600 nam
306 549 465 599 etiam
525 564 594 597 ex
647 545 723 596 eis
780 559 918 612 quae
962 541 1132 592 adtuli
1190 538 1564 591 communibus
1612 535 1754 588 vitiis
1805 542 1945 599 sunt,

131 655 267 706 quae
307 636 448 707 quod
487 635 543 687 in
595 643 826 702 utroque
877 630 1066 682 codice
1107 628 1482 695 inveniuntur,
1519 626 1662 678 casui
1707 625 1946 676 tribuere

130 728 318 799 possis,
375 729 632 780 Attamen
669 730 894 788 restant,
929 722 1020 773 ubi
1055 739 1163 772 nou
1203 729 1386 789 potes3
1422 726 1582 787 atque
1622 718 1676 768 in
1697 716 1946 769 Nubibus

133 818 364 870 dubitari
403 834 511 868 non
552 821 744 884 potest,
785 814 911 883 quin
949 811 1279 865 Ravennatis
1320 817 1372 861 et
1405 807 1605 860 Veneti
1642 807 1786 858 idem
1825 806 1946 858 fons

132 908 312 960 fuerit.
384 904 576 972 Neque
633 904 732 956 hoe
781 921 887 954 non
944 910 1121 971 potest
1161 900 1331 966 sumi,
1379 898 1523 967 quod
1578 916 1687 948 non
1736 895 1946 965 saepius

130 996 316 1067 optimi
353 993 569 1046 codices
604 1013 709 1045 una
750 1002 990 1063 peceant,
1028 990 1308 1058 archetypi
1352 987 1534 1039 virtuti
1573 985 1776 1038 deberi.
1827 985 1946 1037 Hae

130 1087 197 1138 de
240 1103 397 1138 causa
435 1083 841 1135 eoncedendum
883 1090 981 1149 est,
1015 1080 1188 1131 videri
1227 1098 1317 1131 eos
1353 1079 1545 1130 fratres
1588 1094 1721 1129 esse.
1786 1074 1945 1142 Quod

126 1176 169 1229 si
210 1184 369 1241 sunt,
429 1173 797 1242 quaerendum
859 1180 955 1238 est,
1011 1180 1132 1222 uter
1168 1180 1377 1240 patrem
1437 1167 1607 1236 magis
1656 1167 1859 1219 referat
1894 1172 1948 1216 et

129 1265 420 1319 maioribus
461 1264 815 1333 pluribusque
853 1262 1138 1332 splendeat
1174 1261 1478 1312 virtutibus.

270 1355 476 1407 Iterum
513 1356 577 1406 ab
600 1353 834 1422 Equiti
854 1355 969 1406 bus
1007 1352 1294 1419 ordiamur,
1320 1352 1374 1403 in
1402 1370 1504 1421 qua
1531 1357 1610 1402 sat
1648 1347 1798 1400 multi
1839 1347 1945 1399 loci

126 1445 495 1510 inveniuntur,
539 1444 628 1497 ubi
665 1445 948 1497 Ravennas
985 1443 1130 1494 solus
1173 1442 1311 1512 patri
1355 1443 1639 1494 obsecutus
1680 1457 1816 1507 esse,
1839 1436 1945 1489 Ve-

129 1543 285 1587 uetus
335 1535 399 1587 ab
443 1552 506 1585 eo
558 1535 788 1604 turpiter
829 1534 1121 1585 descivisse
1172 1532 1490 1584 iudicandus
1526 1539 1622 1583 est.
1662 1529 1768 1581 Hie
1804 1528 1946 1580 enim

128 1643 178 1677 v.
216 1625 280 1676 14
315 1624 450 1676 falso
489 1624 731 1676 additum
768 1625 929 1676 habet
966 1643 1075 1686 σοι,
1121 1643 1169 1676 v,
1209 1622 1271 1674 61
1314 1616 1424 1675 εἷθ’
1469 1617 1498 1673 ὁ
1545 1620 1807 1689 seriptum
1850 1636 1946 1689 pro

130 1710 160 1768 ὁ
192 1715 265 1778 δὲ,
301 1734 350 1767 v,
375 1716 441 1767 70
476 1708 842 1768 ὀκταπλάσιον
879 1735 976 1786 pro
1014 1707 1364 1775 ὄκταπλάσια,
1411 1732 1459 1765 v.
1492 1712 1588 1764 133
1625 1712 1819 1763 τοῦτον
1848 1727 1946 1779 pro

130 1802 300 1869 τόνδε,
344 1825 393 1857 ν.
430 1806 527 1857 143
567 1805 766 1871 ἐξολῶν
808 1825 908 1876 pro
949 1804 1167 1871 ἐξελῶν,
1212 1824 1260 1857 ν.
1299 1804 1397 1856 175
1437 1803 1480 1871 γ’
1521 1819 1618 1871 pro
1656 1801 1718 1864 δ’,
1760 1819 1810 1852 v.
1851 1800 1945 1852 187

130 1888 252 1948 οἷον
290 1914 387 1965 pro
427 1891 586 1960 ὅσον,
624 1914 672 1946 ν.
716 1895 814 1946 190
844 1893 996 1946 τουτί
1038 1913 1098 1946 σε
1144 1889 1312 1960 μόνον
1349 1911 1445 1962 pro
1489 1891 1638 1944 τουτὶ
1675 1886 1842 1958 μόνον
1881 1890 1946 1952 σ’,

130 2005 179 2039 v.
219 1987 317 2038 201
355 1981 419 2037 αἴ
452 2005 541 2037 κεν
581 2003 678 2056 pro
716 1980 780 2036 αἴ
804 2005 883 2047 κα,
927 2004 975 2038 v.
1002 1985 1103 2036 212
1135 1980 1236 2051 εἴμ’
1280 1977 1662 2048 ἐπιτροπεύειν
1698 1998 1795 2050 pro
1831 1978 1952 2032 ἑπι-

127 2071 416 2145 τροπεύειν
462 2072 584 2142 εἴμ’,
630 2095 680 2128 v.
718 2075 819 2128 236
859 2072 1197 2142 ξυνώμνιτον
1235 2093 1332 2145 pro
1362 2069 1718 2141 ξυνόμνυτον,
1755 2090 1804 2122 ν.
1847 2070 1949 2122 272

128 2161 271 2233 πρὸς
309 2183 406 2236 pro
443 2160 521 2227 τι),
559 2184 609 2217 v.
649 2165 752 2216 354
790 2156 1024 2232 ἄκρατον
1061 2185 1160 2235 pro
1211 2157 1475 2232 ἀκράτου,
1517 2181 1566 2212 v,
1597 2162 1696 2214 357
1748 2156 1951 2214 ἐκπιών

130 2275 227 2326 pro
277 2251 546 2322 ἑπιπιών,
584 2274 632 2306 v,
670 2254 773 2307 365
810 2254 972 2321 ἐξελῶ
1030 2276 1127 2326 pro
1167 2254 1359 2322 ἐξέλξω
1415 2255 1568 2323 (Rav.
1622 2251 1944 2320 ἕξελλέγξω),

129 2365 179 2396 v.
215 2346 318 2398 373
354 2346 614 2413 περιτιλιῦ
653 2365 751 2415 pro
798 2347 1098 2414 παρατιλῶ,
1137 2366 1186 2398 v.
1213 2347 1321 2398 377·
1354 2339 1471 2397 εἶτά
1509 2345 1551 2413 γ’
1594 2362 1691 2414 pro
1731 2336 1850 2395 εἶτα
1880 2341 1944 2406 δ’,

128 2455 176 2488 v.
215 2436 317 2488 385
354 2429 450 2488 οὒκ
487 2427 567 2503 ἄρ’
609 2425 670 2504 ἦν
710 2454 803 2506 pro
844 2425 906 2506 ἦν
943 2428 1025 2504 ἄρ’
1068 2429 1146 2498 οὗ,
1187 2455 1237 2487 v.
1274 2436 1378 2488 412
1413 2435 1648 2487 παιδίων
1684 2451 1783 2505 pro
1821 2452 1950 2484 παι-

129 2525 247 2579 δίου
286 2535 340 2578 et
375 2524 730 2593 μαχαιριόίων
755 2545 851 2596 pro
878 2525 1222 2593 μαχαιρίδων,
1252 2544 1301 2577 v.
1323 2525 1423 2577 437
1452 2524 1541 2576 καὶ
1566 2543 1664 2596 pro
1695 2519 1745 2593 ἢ,
1775 2542 1824 2574 v.
1845 2522 1945 2573 511

130 2613 236 2685 ἔπη
271 2615 521 2683 λέξοντας
557 2635 654 2687 pro
694 2615 944 2682 λέξοντας
985 2613 1120 2684 ἔπη,
1170 2636 1220 2666 v.
1255 2617 1355 2670 537
1413 2610 1811 2687 στυφελισμούς
1847 2632 1947 2685 pro

129 2703 558 2778 στυφελιγμούς,
598 2726 647 2759 v,
687 2707 791 2760 604
824 2701 941 2759 εἶτά
982 2708 1024 2776 γ’
1070 2725 1166 2778 pro
1213 2699 1330 2758 εἶτα
1367 2706 1437 2774 δ’,
1470 2726 1517 2756 v.
1548 2706 1648 2756 (346
1703 2707 1813 2756 τῶν
1849 2722 1947 2774 pro

131 2794 198 2861 οἱ,
240 2817 290 2849 v.
327 2798 428 2850 675
464 2800 740 2863 πανταχοῦ
780 2817 877 2869 pro
922 2800 1180 2867 πανταχῆ,
1216 2797 1388 2848 v.698
1424 2793 1514 2849 ἐὰν
1548 2815 1644 2866 pro
1684 2794 1746 2859 εἰ,
1774 2815 1824 2846 v.
1848 2796 1947 2848 748

127 2889 194 2940 ἵν’
233 2887 437 2941 ἐκεῖνον
477 2907 575 2959 pro
619 2888 706 2940 ἵνα
753 2891 975 2951 τοῦτον,
1016 2907 1063 2939 v.
1106 2889 1201 2940 767
1242 2881 1634 2957 ἅντιβεβληκιύς
1670 2905 1766 2957 pro
1803 2879 1949 2938 ἅντι-

128 2974 387 3049 βεβηκώς,
426 2997 475 3031 v.
499 2979 598 3031 768
636 2978 994 3048 ὁιατμῃθειήν
1031 2997 1128 3048 pro
1168 2977 1582 3047 κατατμηθείην,
1625 2997 1673 3029 v.
1715 2977 1814 3028 776
1855 2997 1949 3042 χα-

130 3067 372 3138 ριζοίμην
427 3088 525 3141 pro
567 3070 876 3139 χαριοίμην,
931 3089 979 3121 v.
1019 3070 1118 3121 856
1156 3065 1610 3137 καθαρπάσαντες
1654 3086 1751 3137 pro
1787 3088 1948 3119 κατα-

130 3154 450 3227 σπάσαντες,
490 3179 537 3212 v.
560 3160 662 3211 880
702 3158 949 3228 γένωνται
987 3179 1086 3230 pro
1123 3158 1374 3227 γένοιντο,
1412 3180 1462 3213 v.
1484 3159 1586 3210 902
1621 3155 1824 3228 πόνηρε
1849 3176 1945 3228 pro

130 3251 417 3318 πανοῦργε,
452 3250 658 3300 v.1039
699 3242 759 3300 ὃν
800 3268 895 3320 pro
933 3246 1044 3315 τὸν,
1086 3269 1133 3300 ν.
1164 3250 1292 3302 1058
1331 3247 1532 3320 φράζει·
1573 3268 1668 3319 pro
1709 3244 1943 3318 φράσσαι

132 3340 284 3407 (Rav.
313 3337 557 3412 φράσαι),
592 3359 639 3392 v,
668 3340 798 3390 1084
833 3335 1054 3410 φράζεις
1093 3359 1189 3410 pro
1222 3336 1428 3411 φράζει,
1469 3359 1519 3391 v,
1549 3339 1679 3390 1110
1714 3331 1810 3409 ἤδη
1848 3358 1944 3411 pro

129 3426 276 3494 εἴσω,
307 3451 355 3483 V.
380 3432 512 3482 1118
546 3428 688 3500 πρός
728 3452 780 3484 τε
813 3428 906 3484 τὸν
927 3451 1024 3502 pro
1046 3428 1188 3499 πρὸς
1223 3427 1312 3484 τόν
1333 3452 1407 3496 τε,
1441 3451 1490 3484 v.
1519 3431 1639 3483 1131
1682 3427 1824 3483 οὕτω
1846 3450 1944 3502 pro
