2267 3845
1023 209 1086 259 13

152 384 199 418 τ.
239 366 302 429 λ.,
346 364 473 421 inb
511 364 698 418 codice
733 365 977 417 lacunam
1014 382 1069 432 γε
1108 361 1371 432 particula
1409 362 1474 413 ab
1508 359 1612 412 hoc
1645 360 1766 413 loco
1797 360 1970 412 aliena

148 455 421 526 expletam
496 473 637 521 esse;
706 461 1035 524 quapropter
1102 453 1341 504 Venetus
1411 466 1593 503 veram
1679 449 1968 502 lectionem

148 541 279 617 ὁρᾷς
327 541 446 608 τὰς
501 546 670 597 τῶνδε
730 564 775 596 τ.
826 544 872 596 λ.
923 562 1032 595 11011
1102 550 1274 612 potest
1329 560 1437 594 non
1506 540 1747 593 hausisse
1812 557 1882 591 ex
1934 557 1971 590 x

155 633 362 689 codice.
452 634 714 690 Similiter
771 634 967 685 factum
1010 642 1118 697 est,
1157 640 1216 684 ut
1256 632 1322 683 ib.
1359 631 1462 682 484
1513 631 1796 683 Ravennas
1846 647 1969 680 cum

154 723 514 777 deterioribus
563 722 842 775 codicibus
899 722 953 774 in
992 722 1125 774 falsa
1159 721 1391 772 lectione
1434 716 1525 781 τὰς
1560 714 1799 784 κοχώνας
1844 736 1967 769 con·

151 814 369 882 sentiat,
410 832 546 866 unus
571 812 812 864 Venetus
852 829 1032 863 verani
1064 810 1318 881 praebeat
1360 806 1421 860 τὰ
1460 804 1668 874 κοχώνα
1697 808 1755 874 ¹).
1796 808 1968 859 Porro

159 903 323 974 Vesp.
349 903 406 954 21
451 901 593 970 quod
636 921 755 954 cuni
795 901 1154 953 deterioribus
1194 899 1471 952 codicibus
1493 899 1777 952 Ravennae
1806 914 1973 962 προς-

151 997 301 1061 ερεῖ,
357 1011 495 1045 unus
555 991 795 1043 Venetus
852 1009 1035 1042 veram
1089 991 1378 1042 lectionem
1436 990 1663 1055 προερεῖ
1728 986 1969 1051 exhibet,

153 1084 292 1135 hanc
332 1082 575 1133 hausisse
615 1081 872 1132 dicendus
914 1080 1014 1132 erit
1053 1098 1121 1131 ex
1159 1079 1350 1130 eodem
1381 1099 1416 1130 x
1459 1077 1660 1129 codice.
1721 1074 1969 1128 Eundem

153 1173 210 1225 in
274 1171 493 1225 modum
555 1171 909 1240 explicandae
977 1179 1102 1220 sunt
1166 1169 1400 1221 relicuae
1462 1169 1635 1219 bonae
1695 1165 1972 1230 lectioneS,

156 1281 286 1331 quas
321 1261 566 1314 Venetus
604 1261 657 1313 in
695 1261 893 1332 Vespis
937 1269 1120 1312 contra
1162 1258 1560 1311 consentientes
1602 1258 1969 1310 Ravennatem

154 1362 208 1404 et
246 1353 545 1405 deteriores
605 1351 813 1403 codices
870 1359 1081 1415 tuetur3
1124 1351 1216 1402 lias
1269 1349 1416 1401 dico:
1468 1368 1517 1399 V.
1559 1348 1661 1399 334
1708 1349 1773 1417 τῇ
1820 1339 1970 1414 θύρᾳ

154 1461 251 1514 pro
290 1438 385 1505 τὰς
428 1437 617 1509 θύρας,
659 1461 707 1494 v.
734 1442 835 1493 384
876 1438 1025 1494 ἔσται
1049 1441 1271 1492 τοιαῦτα
1300 1458 1395 1509 pro
1432 1434 1498 1488 τὰ
1534 1439 1769 1499 τοιαῦτα,
1796 1454 1846 1486 v.
1869 1433 1968 1485 386

154 1529 624 1595 κατακλαύσαντες
655 1551 752 1603 pro
777 1527 1112 1593 κλαύσαντες,
1152 1550 1200 1580 v.
1224 1530 1326 1581 472
1368 1527 1627 1595 ἔλθοιμεν
1667 1544 1762 1597 pro
1803 1522 1976 1577 ἔλθω-

155 1644 271 1692 μεν,
309 1623 481 1676 v.480
517 1615 736 1675 σοῦστὶν
777 1640 874 1691 pro
913 1614 1157 1682 ποῦστὶν,
1201 1639 1248 1671 v,
1275 1621 1373 1671 507
1415 1637 1537 1670 cum
1581 1616 1748 1671 Suida
1788 1634 1978 1682 τυραν-

155 1712 273 1767 νικὰ
312 1734 408 1786 pro
446 1711 745 1780 τυραννίδα,
802 1731 850 1762 v,
890 1712 993 1763 565
1043 1710 1165 1761 add.
1203 1703 1382 1776 ἅνιῶν,
1428 1728 1474 1761 ν,
1519 1708 1617 1759 735
1655 1706 1778 1758 add.
1815 1704 1974 1761 ἐστιν,

159 1825 206 1856 v.
247 1805 347 1857 749
381 1803 435 1856 τί
467 1807 602 1875 βοᾷς
661 1821 755 1874 pro
797 1802 850 1854 τί
885 1823 976 1870 μοι
1013 1804 1149 1872 βοᾷς-
1171 1844 1184 1868 ,
1241 1820 1288 1852 v.
1329 1800 1430 1851 80ss
1489 1817 1590 1850 om.
1629 1799 1693 1866 γ’,
1751 1817 1797 1849 V.
1843 1796 1975 1847 1064

153 1914 255 1947 om.
295 1914 370 1963 γε,
414 1915 464 1946 v.
515 1895 645 1946 1155
682 1895 945 1961 παραθοῦ
985 1893 1183 1959 (scribe
1227 1886 1511 1957 παράθου)
1558 1907 1653 1960 pro
1710 1884 1976 1953 κατάθου,

157 2005 206 2038 v.
247 1985 380 2037 1193
419 1980 730 2054 καθυτάτην
769 1983 967 2036 (scribe
997 1977 1332 2049 βαθυτάτην)
1371 1999 1465 2051 pro
1504 1974 1821 2049 βαρυτάτην,
1856 1977 1975 2046 qui-

158 2077 257 2128 bus
294 2093 363 2126 ex
410 2074 598 2126 eadem
649 2075 831 2126 fabula
878 2075 994 2126 fere
1058 2072 1284 2123 totidem
1340 2070 1541 2122 addere
1586 2071 1702 2140 ipse
1758 2067 1975 2137 poteris,

158 2165 370 2220 Similia
410 2165 450 2217 si
492 2182 754 2236 quaerere
797 2164 1035 2216 volueris
1092 2163 1247 2214 etiam
1306 2162 1360 2212 in
1398 2160 1620 2231 reliquis
1659 2159 1858 2212 fabulis
1896 2158 1981 2209 hic

158 2258 271 2309 illic
321 2258 566 2328 quamvis
632 2257 800 2308 multo
854 2255 1058 2307 rariora
1106 2275 1144 2306 x
1201 2253 1398 2305 codicis
1455 2251 1687 2321 vestigia
1722 2249 1982 2315 invenies,

160 2365 296 2416 quae
333 2366 474 2399 nunc
517 2365 766 2398 enarrare
810 2346 899 2397 vix
937 2363 1135 2416 operae
1174 2345 1408 2413 pretium
1449 2351 1541 2394 est.

325 2437 650 2491 Deteximus
708 2445 958 2505 quattuor
1015 2435 1158 2486 unde
1195 2434 1439 2486 Venetus
1484 2433 1705 2484 haustus
1745 2438 1826 2482 est
1862 2431 1985 2482 fon—

160 2538 255 2583 ωε.
331 2528 695 2594 Quaerenteni
752 2545 882 2578 vero
927 2543 1062 2596 quae
1118 2524 1253 2576 ratio
1307 2524 1363 2574 in
1418 2523 1534 2592 ipso
1570 2522 1784 2574 Veneto
1842 2520 1983 2572 inter

161 2620 259 2671 hos
303 2620 478 2670 fontes
517 2616 819 2669 intercedat
859 2625 911 2668 ct
957 2636 987 2668 a
1029 2634 1132 2684 quo
1173 2615 1321 2667 fonte
1373 2621 1586 2684 practer
1628 2621 1838 2666 ceteros
1876 2629 1983 2663 ma-

336 2793 377 2849 1)
409 2792 515 2835 Noli
546 2807 587 2834 v.
629 2794 712 2834 711
747 2790 835 2833 huc
873 2789 1083 2840 trahere,
1118 2789 1195 2832 ubi
1239 2803 1375 2844 quam
1409 2787 1610 2830 Venetus
1645 2789 1748 2841 post
1780 2783 1981 2838 διαβαλῶ

162 2873 383 2916 insertam
416 2872 556 2914 habet
586 2885 637 2927 γε
668 2870 909 2925 particula,
956 2883 1059 2911 cum
1094 2882 1268 2910 summa
1292 2869 1359 2910 vis
1393 2881 1484 2909 non
1515 2866 1561 2907 in
1595 2865 1794 2918 διαβαλῶ
1829 2862 1908 2905 sed
1939 2862 1985 2904 in

164 2952 352 2993 πλείονα
383 2949 506 3000 insit,
543 2950 600 2992 ab
633 2949 719 2991 hoc
754 2948 856 2990 loco
893 2947 1040 2989 aliena
1076 2950 1160 2988 est.
1223 2945 1318 2988 Hac
1349 2945 1404 2987 de
1438 2957 1575 2987 causa
1606 2942 1717 2984 inihi
1749 2955 1840 2984 non
1871 2955 1985 2996 pro-

166 3031 395 3074 baverunt
426 3030 632 3073 homines
680 3028 936 3072 doctissimi
961 3026 1257 3082 Bergkius
1292 3025 1379 3081 (ed.
1401 3024 1438 3079 1)
1468 3021 1593 3080 κάγὼ
1627 3023 1742 3066 δε’σ’
1774 3020 1881 3078 ἐγὼ
1913 3024 1986 3063 καὶ

167 3110 368 3166 διαβαλῶ
411 3125 472 3166 γε
515 3111 701 3152 πλείονα
743 3107 814 3150 vel
846 3092 1025 3162 (edsll)
1074 3103 1198 3161 κάγώ
1246 3106 1302 3147 δέ
1339 3108 1377 3145 σ’
1415 3104 1599 3146 ἕλκων
1631 3101 1889 3156 διαβαλῶ
1924 3114 1988 3156 γε

167 3193 367 3241 πλείονα,
401 3189 553 3246 Saup
572 3177 708 3245 pius
759 3184 884 3243 κάγὼ
928 3188 984 3229 δέ
1011 3190 1077 3228 σε’
1105 3201 1164 3242 γε
1198 3187 1268 3226 καὶ
1306 3184 1505 3239 διαβαλῶ
1534 3197 1599 3238 γε
1652 3184 1838 3224 πλείονα
1871 3179 1987 3223 scri-

164 3269 365 3315 bendum
412 3284 524 3321 esse,
566 3268 709 3311 multo
742 3282 850 3310 vero
903 3267 1040 3309 etiam
1093 3266 1242 3307 minus
1288 3264 1401 3306 mihi
1441 3263 1701 3305 Kockius
1746 3261 1988 3316 persuasit,

167 3350 289 3407 quod
336 3349 426 3405 ipsi
476 3348 523 3392 in
566 3352 763 3392 mentem
796 3346 935 3397 venit,
978 3343 1104 3402 κάγὼ
1138 3345 1194 3388 δέ
1237 3346 1278 3386 σ’
1311 3345 1418 3392 ἕλξω
1467 3343 1665 3397 διαβαλῶ
1717 3355 1769 3383 τε
1800 3343 1986 3382 πλείονα

168 3430 525 3487 Aristophanem
556 3430 812 3487 scripsisse.
