2267 3845
1134 153 1203 205 40

260 311 554 379 Gottingae
605 307 868 377 degebam
911 316 1124 376 tempus
1188 303 1361 356 studia
1402 321 1522 355 mea
1565 321 1752 355 severa
1792 304 2081 376 disciplina

259 407 597 472 regerentur.
692 397 1061 452 Prodocentes
1118 413 1246 447 vero
1303 394 1484 446 audivi
1541 401 1757 464 praeter
1814 395 1913 447 hos
1968 404 2080 447 tres

255 491 501 543 homines
526 489 863 540 doctissimos
890 486 975 538 Bc
995 484 1379 537 rtheavium
1410 484 1498 538 Co
1518 484 1672 536 nziu
1693 503 1745 535 m
1770 484 2079 536 Lotzium

254 582 610 636 Ritterum
670 577 1085 629 Vischerum
1149 575 1454 628 VVaitziu
1477 594 1529 626 m
1589 575 1777 626 Wies
1800 576 2079 628 elerum.

260 671 474 725 Deinde
528 670 615 722 Bo
635 688 761 721 nna
781 688 830 720 m
872 667 1121 736 migravi,
1159 667 1250 718 ubi
1292 684 1376 718 me
1423 665 1685 718 advenam
1728 664 1775 718 O
1796 673 1893 718 tto
1931 667 1960 718 I
1980 666 2080 717 ah·

255 763 410 816 nius
449 770 501 813 et
533 760 699 814 Frid
721 760 958 811 ericus
1000 757 1443 811 Ritschclius
1500 757 1676 808 statim
1734 757 1790 809 in
1849 757 2082 810 sexnina-

255 856 394 907 rium
419 852 632 920 regium
657 850 1047 921 philologicum
1082 855 1409 919 receperunt
1442 847 1663 918 parique
1704 847 2082 900 benevolentia

255 963 352 1016 per
392 961 588 994 annum
633 951 682 992 et
723 940 1004 992 dimidium
1040 940 1244 992 viribus
1300 938 1434 990 meis
1494 938 1816 990 exercendis
1859 956 2080 1009 operam

256 1035 538 1086 dederunt.
601 1031 916 1084 Eorundem
995 1030 1271 1081 hominum
1349 1029 1781 1081 doctissimorum
1834 1029 1884 1082 G
1903 1029 1918 1079 i
1938 1029 1955 1080 l
1972 1028 2006 1080 d
2024 1046 2082 1080 e·-

255 1123 581 1177 meisteri
622 1120 983 1176 Schaeferi
1025 1119 1374 1188 Schopeni
1411 1120 1629 1172 Trosc
1653 1119 1823 1172 helii
1863 1119 2078 1184 scholis,

258 1213 622 1287 epigraphicis
663 1213 885 1282 insuper
924 1231 1054 1282 quas
1075 1211 1404 1264 Bitschelius
1443 1211 1713 1263 moderari
1744 1211 1884 1262 solet
1927 1228 2078 1262 exer-

256 1305 593 1359 citationibus
657 1303 896 1356 interfui.
980 1302 1193 1355 Horum
1249 1301 1526 1354 hominum
1549 1342 1563 1368 ,
1619 1301 1808 1370 quibus
1869 1301 2080 1354 debebo

257 1395 510 1466 quicquid
548 1394 888 1465 praestiter0‚
928 1392 1254 1464 sempiterna
1291 1392 1435 1464 apud
1471 1409 1556 1444 me
1597 1392 1700 1444 crit
1737 1391 2018 1444 memoria.

1079 1914 1316 1929 ------------
