2267 3845
249 735 442 786 Mirum
497 742 579 784 est
631 742 777 785 tanto
826 742 1043 804 poetae,
1087 744 1314 802 quantus
1367 745 1449 786 est
1490 734 1895 804 Aristophanes,

83 825 390 894 philologos
442 823 617 875 adhuc
668 824 803 875 adeo
845 824 1107 889 defuisse,
1157 834 1215 875 ut
1266 825 1517 891 neglecta
1558 823 1729 893 prima
1768 823 1896 875 artis

82 915 296 964 criticae
352 912 476 980 lege
519 914 734 982 optimis
793 914 1067 966 codicibus
1112 914 1186 964 uti
1231 913 1447 983 quidem
1486 913 1720 980 vellent,
1763 931 1897 984 quae

80 1022 208 1054 vero
233 1003 374 1053 inter
396 1020 486 1054 eos
508 1002 873 1054 intercederet
897 1004 1030 1055 ratio
1054 1021 1314 1071 quaerere
1337 1003 1660 1054 omitterent.
1700 1003 1898 1069 Quam—

82 1111 238 1162 quam
283 1092 533 1159 fuerunt,
573 1091 664 1159 qui
705 1093 866 1144 huius
905 1093 1230 1158 quaestionis
1267 1093 1642 1144 necessitatem
1683 1093 1897 1164 penitus

84 1182 458 1252 persentirent,
501 1182 633 1252 ipse,
667 1202 697 1233 a
737 1200 1022 1250 quemme
1060 1201 1292 1234 summos
1334 1183 1581 1235 honores.
1605 1190 1746 1254 peto,
1784 1184 1900 1255 phi-

82 1272 434 1342 losophorum
496 1273 862 1324 Bonnensium
924 1272 1056 1323 ordo
1121 1281 1243 1323 ante
1309 1273 1404 1323 hos
1468 1292 1664 1342 paucos
1729 1294 1899 1326 annos

79 1361 316 1431 praemio
367 1361 1070 1430 proposito*adulescentes
1123 1361 1178 1412 in
1218 1361 1316 1412 hac
1367 1361 1643 1413 literarum
1680 1363 1901 1415 univer-

79 1451 232 1503 Sita'te
270 1451 608 1520 philologiae
657 1451 924 1503 studiosos
965 1452 1200 1502 excitare
1243 1451 1460 1517 studuit,
1495 1461 1555 1503 ut
1592 1471 1727 1522 quae
1763 1453 1899 1505 ratio

79 1540 445 1592 intercederet
497 1540 640 1592 inter
691 1541 1053 1593 Ravennatem
1111 1550 1163 1591 et
1201 1540 1473 1591 Venetum
1520 1540 1899 1612 Aristophanis

79 1630 297 1683 codices
338 1631 751 1699 investigarent3
795 1640 846 1680 at
901 1631 1113 1683 frustra.
1192 1630 1312 1698 Ego
1365 1648 1493 1681 vero
1533 1648 1602 1682 ex
1659 1650 1764 1700 quo
1810 1651 1903 1684 co-

80 1718 244 1790 gnitis
283 1721 411 1773 artis
450 1721 665 1772 criticae
703 1721 916 1790 legibus
959 1722 1237 1790 praeclaro
1277 1730 1469 1790 poetae
1510 1740 1730 1791 operam
1772 1722 1899 1775 dare

85 1811 255 1881 coepi,
292 1829 456 1881 aegre
482 1810 779 1863 desideravi
819 1810 1035 1862 firmum
1066 1811 1315 1880 beneque
1355 1811 1673 1882 dispositum
1707 1813 1900 1864 funda-

86 1911 323 1954 mentum
361 1901 621 1953 criticum.
696 1901 806 1953 Sed
851 1902 1022 1952 fateor
1058 1901 1123 1952 ad
1161 1902 1296 1952 hanc
1339 1902 1708 1971 quaestionem
1748 1922 1899 1956 acce·

88 1992 216 2044 dere
255 1991 346 2042 diu
392 2009 475 2042 me
515 1991 858 2044 dubitavisse.
934 1991 1127 2061 Neque
1167 1993 1310 2044 enim
1343 1993 1504 2044 facile
1543 2014 1573 2044 a
1618 2012 1701 2046 me
1734 1994 1902 2064 impe-

88 2090 230 2133 trare
252 2091 512 2152 poteram,
535 2090 594 2132 ut
617 2081 671 2133 in
694 2082 1037 2133 librariorum
1064 2083 1296 2153 peccatis
1318 2083 1662 2136 recensendis
1686 2092 1902 2154 tempus

88 2189 480 2238 consumerem,
521 2179 575 2224 et
614 2171 703 2223 diu
730 2175 1006 2241 sperabam
1042 2173 1155 2224 fore
1197 2183 1253 2224 ut
1294 2175 1550 2244 adparatu
1592 2174 1779 2227 critico
1809 2176 1907 2226 hac

91 2262 210 2314 luce
251 2262 415 2330 digno
455 2262 668 2313 tandem
696 2262 981 2333 aliquando
1023 2263 1164 2314 edito
1198 2264 1357 2315 ctiam
1397 2265 1550 2317 huius
1578 2266 1904 2334 quaestionis

92 2353 336 2404 molestia
375 2362 426 2403 et
468 2353 756 2404 difficultas
793 2354 1079 2405 levaretur.
1130 2356 1244 2407 Iam
1284 2355 1419 2407 illud
1460 2356 1697 2407 taedium
1733 2358 1906 2427 posui,

90 2443 412 2496 conlationis
445 2462 573 2495 vero
611 2443 933 2495 Ravennatis
975 2452 1026 2495 et
1048 2445 1247 2496 Veneti
1284 2445 1660 2498 Bekkerianae
1694 2448 1908 2518 plenio-

90 2551 202 2584 rem
242 2514 400 2602 q⁸uam
461 2552 594 2601 quae
642 2552 710 2585 ex
760 2533 1027 2586 Dindorfii
1091 2535 1323 2586 editione
1374 2535 1675 2589 Oxoniensi
1732 2537 1907 2607 parari

90 2631 301 2693 poterat
354 2623 599 2675 notitiam
642 2622 708 2676 O.
752 2624 924 2675 Iahnii
981 2625 1289 2676 liberalitati
1326 2626 1533 2695 debeo,
1574 2627 1906 2680 deteriorum

90 2722 268 2764 autem
309 2713 552 2764 codicum
612 2715 871 2765 lectiones
919 2715 1015 2766 etsi
1066 2715 1120 2766 in
1172 2716 1482 2768 universum
1524 2717 1682 2769 valde
1722 2718 1906 2771 dolen·

93 2803 216 2854 dum
266 2811 348 2855 est
382 2821 492 2855 non
533 2821 716 2855 omnes
755 2814 909 2855 notas
961 2823 1092 2870 csse,
1133 2815 1313 2857 tamen
1355 2807 1419 2857 ad
1455 2807 1734 2874 rationem,
1773 2826 1908 2878 quae

90 2895 233 2946 inter
270 2893 501 2964 optimos
528 2893 828 2946 intercedat
869 2895 1097 2960 codices,
1135 2895 1493 2948 definiendam
1526 2916 1616 2948 eas
1654 2898 1908 2951 sufficere

97 2983 357 3048 intellexi,
402 3001 536 3054 quae
575 2983 628 3034 in
659 2984 930 3036 Dindorfii
973 2987 1206 3036 omnium
1247 2986 1546 3038 fabularum
1589 2987 1909 3057 Oxoniensi,

90 3073 146 3126 in
188 3073 430 3125 eiusdem
464 3071 716 3141 Equitum
741 3073 898 3125 Pacis
921 3074 1188 3126 Ranarum
1212 3075 1598 3146 Lipsiensibus,
1637 3078 1692 3129 in
1720 3077 1908 3130 Thier·

91 3162 225 3214 schii
267 3161 411 3214 Pluti
457 3162 694 3214 editione
747 3163 1030 3215 adnotatae
1084 3172 1221 3216 sunt.
1297 3166 1486 3234 Itaque
1526 3168 1774 3219 constitui
1818 3168 1908 3220 de-

95 3272 236 3304 mum
279 3253 416 3305 hanc
452 3272 564 3304 rem
625 3254 996 3323 gravissimam
1038 3256 1092 3306 in
1144 3256 1400 3308 iudicium
1440 3275 1631 3309 vocare
1687 3266 1741 3309 et
1790 3276 1907 3310 sen-

92 3344 316 3395 tentiam
355 3361 527 3395 meam
565 3362 685 3395 cum
723 3344 1030 3396 hominibus
1070 3346 1237 3396 doctis
1278 3348 1690 3399 communicare.

1554 3501 1576 3543 1
