2267 3845
1053 223 1123 276 35

187 372 408 423 rendam
465 373 624 424 csse?
684 375 880 441 Qualia
916 392 1047 427 vero
1085 376 1251 428 verba
1306 377 1676 430 interciderint
1729 379 1877 431 velut
1926 396 1996 432 ex

186 460 290 512 hoc
329 462 579 531 exemplo
619 463 826 515 discere
865 472 1046 532 potes:

392 551 557 619 μηδὲν
598 540 682 602 ὧν
717 544 979 618 ἀρτίως
1017 555 1133 604 νῦν
1176 550 1398 605 ἔλαττον
1434 554 1601 606 ποίει.

353 638 581 691 Scilicet
618 641 809 691 chorus
850 642 1064 692 videtur
1102 641 1426 693 insiciarium
1467 643 1825 711 admonuisse,
1862 663 1932 697 ne
1967 664 1998 696 a

187 730 464 799 proposito
502 730 790 781 desisteret
826 748 963 781 neve
1003 731 1278 782 inimicum
1320 732 1555 783 animum
1590 734 1904 785 remitteret.

351 819 506 872 Ran.
545 819 646 870 263
697 812 855 871 σι’-δὲ
906 816 1042 889 μὴν
1091 817 1266 889 ἡμᾶς
1320 819 1401 873 σύ
1454 818 1735 885 πάντως
1776 823 1998 875 simulac

188 910 318 978 legi,
355 911 407 960 in
448 905 584 979 ἡμᾶς
616 906 680 961 σι)-
719 911 1004 961 verborum
1064 912 1434 964 conlocatione
1484 913 1715 980 offendi,
1773 932 1997 984 quorum

185 1001 415 1052 alterum
458 1000 700 1067 quamvis
738 1001 938 1051 maiore
990 1001 1036 1051 vi
1079 1001 1379 1070 praeditum
1420 1003 1585 1073 priori
1643 1022 1750 1056 non
1788 1013 1997 1058 antece-

188 1089 315 1141 dere
353 1109 460 1141 non
512 1098 752 1159 poteram
805 1091 930 1142 satis
979 1091 1175 1142 mirari.
1252 1092 1363 1146 Sed
1405 1111 1529 1144 mox
1567 1093 1726 1145 etiam
1761 1113 1818 1162 γε
1858 1095 2001 1147 desi-

188 1179 388 1245 deravi,
431 1198 534 1248 quo
574 1175 638 1232 σῦ
674 1198 971 1248 pronomen
996 1177 1134 1250 ἡμᾶς
1160 1182 1462 1250 pronomini
1500 1183 1804 1253 oppositum
1844 1184 1998 1236 effer-

186 1277 348 1321 retur.
423 1270 676 1335 Quaesivi
721 1270 902 1338 igitur,
950 1291 1076 1322 num
1124 1272 1248 1338 quid
1294 1272 1477 1324 auxilii
1535 1274 1652 1324 loco
1713 1273 1855 1325 haud
1908 1274 2001 1326 du-

185 1361 274 1412 bie
312 1369 565 1430 corrupto
606 1379 673 1412 cx
713 1361 988 1413 codicibus
1029 1362 1138 1430 peti
1201 1371 1396 1431 posset.
1471 1362 1654 1431 Atque
1714 1364 1892 1416 inveni
1945 1365 1999 1416 in

186 1451 498 1503 Ravennate
544 1470 598 1519 γε
648 1452 755 1520 legi
810 1472 970 1521 supra
1021 1453 1220 1521 scripto
1278 1449 1341 1504 σί·
1400 1453 1734 1523 pronomine.
1807 1456 2000 1524 Itaque

187 1560 296 1592 non
333 1541 569 1592 dubitavi
623 1541 853 1610 primum
894 1538 956 1593 σι’·
997 1561 1052 1610 γε
1110 1543 1424 1605 restituere,
1479 1543 1674 1595 deinde
1729 1553 1788 1596 ut
1841 1545 1999 1595 etiam

185 1633 484 1684 conlocatio
539 1633 728 1684 horum
785 1634 1071 1684 verborum
1125 1633 1520 1702 corrigeretur,
1556 1635 1771 1686 inverso
1811 1634 2002 1687 ordine

184 1717 249 1775 σύ
290 1724 331 1790 γ’
373 1719 510 1791 ἡμᾶς
548 1723 801 1775 scribere.
876 1723 996 1788 Quo
1049 1724 1190 1774 facto
1233 1724 1367 1774 nihil
1415 1723 1672 1775 relicuum
1717 1732 1847 1792 erat,
1901 1724 2001 1776 nisi

184 1822 243 1864 ut
282 1808 499 1874 πάντως
537 1813 798 1864 vocabulo
839 1813 1162 1883 transposito
1197 1813 1554 1865 scriberetur:

395 1895 558 1954 οὐδὲ
597 1899 727 1972 μὴν
768 1899 1049 1966 πάντως
1086 1899 1161 1956 σύ
1202 1904 1244 1971 y‘
1286 1899 1478 1973 ἡμᾶς,

185 2010 323 2063 quae
367 1994 531 2044 verba
592 1993 719 2060 quin
762 1993 927 2064 ipsius
969 1994 1352 2065 Aristophanis
1405 1995 1607 2046 fuerint
1646 2013 1753 2046 non
1796 1994 2002 2048 dubito.

181 2082 298 2134 Nec
336 2101 544 2148 vereor,
582 2101 650 2134 ne
691 2084 963 2152 Bergkius
1004 2084 1126 2135 huic
1168 2085 1467 2154 scripturae
1508 2103 1641 2150 eam,
1689 2104 1846 2154 quam
1886 2084 2002 2156 ipse

181 2189 289 2224 non
343 2181 449 2224 tam
506 2173 874 2244 recipiendam
936 2175 1216 2244 proposuit
1272 2193 1430 2241 quam
1490 2181 1547 2224 ut
1597 2173 1886 2242 aliquando
1945 2175 2001 2226 in

182 2262 369 2314 codice
394 2263 572 2331 aliquo
609 2264 956 2331 inveniretur,
984 2265 1222 2335 optavit:
1258 2257 1410 2316 ἀλλὰ
1443 2260 1548 2335 μὴν
1580 2261 1733 2333 ἡμεῖς
1769 2283 1841 2318 σε
1866 2260 2003 2316 πάν-

181 2372 290 2416 τως
323 2354 728 2424 praepositurus
766 2355 848 2406 sit.

347 2444 477 2495 Plu
496 2454 530 2496 t.
558 2445 658 2497 258
698 2445 862 2512 vulgo
902 2445 1214 2513 legebatur:

383 2528 458 2596 ὠς
492 2530 636 2596 εἰκός
679 2533 821 2586 ἐστιν
858 2528 1114 2597 ἆσθενεῖς
1148 2535 1491 2604 γέροντας
1527 2529 1780 2604 ἄνδρας
1817 2528 1932 2606 ἤδη.

350 2623 744 2677 Meinekius
800 2625 938 2676 haud
983 2625 1142 2677 dubie
1187 2626 1334 2678 nulla
1383 2627 1485 2678 alia
1528 2626 1594 2678 de
1641 2646 1799 2679 causa
1844 2644 2001 2696 quam

184 2713 328 2782 quod
369 2705 467 2783 ’ἤδη
507 2716 850 2785 participium
891 2716 1149 2785 requirit,
1188 2735 1291 2786 quo
1337 2736 1457 2768 cum
1500 2718 1833 2769 substantivo
1875 2736 2000 2769 con·

183 2800 454 2873 iungatur,
488 2806 737 2875 scripsit:

390 2891 464 2958 (ὃς
505 2893 649 2959 εἰκός
686 2896 829 2949 ἐστιν
866 2891 1123 2960 ἄσθενεῖς
1161 2897 1501 2966 γέροντας
1542 2889 1739 2959 ὄντας
1776 2888 1892 2966 ἤδη.

351 2985 501 3037 Haec
565 2988 868 3039 emendatio
925 3006 987 3038 eo
1045 3006 1161 3040 sese
1219 2988 1597 3053 commendat,
1656 2985 1800 3054 quod
1867 3002 2002 3055 quae

183 3074 239 3125 in
292 3073 543 3142 γέροντας
599 3068 755 3138 ὄντας
810 3077 986 3128 verbis
1042 3077 1254 3128 auditur
1312 3072 1611 3146 παρήχησις
1646 3075 2000 3144 Aristophani

185 3165 242 3216 in
308 3164 516 3217 deliciis
558 3166 719 3218 fuisse
778 3167 1008 3233 videtur,
1053 3168 1158 3218 vid.
1199 3168 1336 3219 Aah.
1364 3167 1465 3218 2212
1521 3166 1771 3234 γέροντας
1827 3157 2002 3232 ὄντας,

186 3253 284 3323 Eq.
317 3255 417 3306 5:53
458 3248 590 3306 ἄλλά
645 3255 814 3323 γέρων
862 3252 935 3307 ὢν
974 3255 1277 3325 περιέῤῥει,
1322 3257 1489 3326 Vesp.
1523 3257 1623 3308 278
1675 3251 1737 3307 τὸ
1791 3250 2001 3324 σφυρὸν

184 3342 433 3411 γέροντος
469 3337 638 3408 ὄντος,
680 3347 749 3398 ib.
782 3347 915 3398 1384
956 3340 1054 3416 ἤδη
1091 3344 1260 3415 γέρων
1298 3338 1386 3410 ὧν,
1427 3347 1531 3398 Av.
1574 3346 1705 3397 1256
1738 3340 1880 3397 οὕτω
1917 3342 2002 3413 γέ-

186 3455 295 3502 ρων
333 3427 424 3501 ὧν,
461 3435 606 3489 Eccl.
641 3437 742 3489 323
786 3433 864 3490 ὅτι
907 3436 1076 3506 γέρων
1111 3433 1185 3488 ὢν
1223 3431 1424 3506 ἦγέ-μην
1452 3436 1670 3505 γυναῖχ’,
1708 3454 1811 3506 qua
1850 3453 1997 3487 occa·
