2267 3845
1027 210 1086 261 11

154 359 363 438 ὅφαυσε
420 386 497 434 γρ.
553 357 757 436 ὄφει-ε,
798 365 867 416 ib.
924 344 974 415 v..
1039 363 1158 413 1201
1214 361 1355 412 idem
1397 377 1519 412 cum
1557 354 1778 423 reliquis
1812 353 1969 419 δραχ-

154 459 271 524 μιῦν
318 455 573 522 ἐμπολῶ,
626 454 722 506 sed
762 473 842 522 γρ.
907 453 1167 520 δραχμαῖς
1221 449 1513 516 κερδαίνω,
1573 449 1674 499 Av.
1711 444 1814 496 210
1851 460 1969 495 cum

156 545 467 599 Ravennate
523 544 715 606 λῦσον,
761 542 852 593 sed
892 560 970 609 γρ.
1023 540 1107 592 καὶ
1155 540 1318 592 λῦσον
1367 537 1455 590 καὶ
1494 526 1640 601 ἇσον,
1676 533 1767 587 ubi
1805 532 1971 584 libra-

154 638 294 694 rium
331 639 510 703 ffvaov,
551 634 694 703 quod
752 634 804 686 in
860 633 1216 685 deterioribus
1254 631 1527 684 codicibus
1567 628 1802 697 legitur,
1841 625 1974 677 scri-

155 728 284 780 bere
329 726 565 778 voluisse
622 724 861 789 conicio,
925 725 994 777 ib.
1056 743 1105 774 v,
1163 722 1294 774 1396
1363 739 1483 773 cum
1551 719 1668 770 aliis
1725 715 1971 768 omnibus

153 816 334 885 βαίην,
386 815 482 868 sed
523 833 601 882 γρ.
658 813 884 881 βαίνων,
936 814 1066 866 Ran.
1119 814 1185 864 (3¹3
1240 808 1425 873 ἔῐνοιὲς
1463 829 1582 862 cum
1635 806 1824 860 ceteris
1879 804 1972 856 sed

155 925 233 974 γρ.
276 901 397 974 ἐγώ,
433 924 483 957 v.
518 904 636 970 202,
678 922 836 971 quam
889 903 1087 953 variam
1130 902 1416 953 lectionem
1457 898 1778 952 Dindorfius
1812 896 1969 947 silen-

154 996 228 1048 tio
286 993 663 1065 praetermisit,
702 989 838 1057 ἔχων
878 985 986 1043 ἀλλ’
1045 984 1260 1057 ἀντιβὰς
1300 1010 1419 1042 cum
1462 989 1701 1058 reliquis,
1759 986 1855 1040 sed
1892 1005 1970 1053 γρ.

155 1081 222 1136 τὰ
276 1078 487 1154 ρώματ’
545 1074 791 1147 ἀντιβὰς,
832 1081 976 1132 Plut.
1014 1080 1112 1130 106
1166 1075 1267 1148 ἐγώ
1321 1098 1399 1147 γρ.
1457 1078 1622 1145 ἐμοῦ,
1666 1077 1736 1129 ib.
1780 1095 1831 1127 v.
1873 1075 1970 1126 367

158 1170 301 1239 ἔχεις
352 1191 431 1241 γρ.
483 1171 658 1239 μένει,
719 1190 937 1239 quarum
992 1171 1086 1222 illa
1125 1170 1454 1224 Ravennatis
1505 1168 1663 1220 lectio
1701 1175 1798 1231 est,
1853 1183 1972 1217 cum

158 1263 328 1316 ceteri
370 1259 477 1328 ἔχει
526 1262 836 1328 exhibeant,
875 1280 925 1313 v.
960 1262 1061 1312 396
1104 1258 1198 1312 τὸν
1234 1257 1529 1313 θαλάττιον
1564 1278 1642 1327 γρ.
1677 1253 1772 1309 τὸν
1810 1250 1975 1322 βοιώ-

155 1373 287 1420 τιον,
323 1371 374 1404 v.
416 1352 548 1405 1093
585 1347 886 1404 ’ὑπέπιττον
920 1371 997 1420 γρ.
1038 1347 1366 1418 ὗπεπείρων.
1421 1348 1663 1401 Eandem
1702 1364 1831 1398 vero
1865 1345 1972 1396 vim

158 1450 205 1502 ei
243 1449 347 1501 loci
389 1448 605 1513 habent,
655 1446 893 1515 ubi,'qui
932 1445 1203 1496 Venetum
1245 1442 1474 1513 scripsit,
1526 1440 1843 1516 scripturam
1883 1435 1972 1487 ali-

158 1558 316 1611 quam
355 1540 420 1590 ab
456 1547 689 1607 utroque
727 1537 872 1588 fonte
909 1553 1078 1605 aeque
1114 1535 1341 1586 alienam
1377 1531 1599 1602 recepit,
1630 1531 1818 1581 horum
1845 1544 1973 1580 vero

157 1637 216 1682 ut
245 1629 446 1681 variam
475 1628 764 1680 lectionem
788 1627 1089 1694 adscripsit.
1130 1623 1296 1676 Cuius
1321 1623 1540 1692 generis
1564 1623 1697 1673 haec
1720 1617 1971 1687 exempla

157 1728 306 1773 sunt.
381 1719 624 1771 Venetus
667 1718 771 1770 Av.
824 1717 920 1770 109
960 1735 1058 1787 pro
1113 1724 1417 1766 cet-erorum
1463 1712 1713 1764 codicum
1765 1704 1975 1777 τρόποι·

157 1809 380 1862 exhibet
423 1808 606 1877 γένους
653 1828 731 1877 γρ.
769 1804 978 1875 τρόπον
1001 1848 1014 1871 ,
1050 1808 1182 1860 Ran.
1226 1808 1457 1877 llss‘pro
1498 1805 1586 1858 καὶ
1620 1800 1683 1857 σύ
1718 1822 1791 1871 γε,
1834 1800 1974 1869 quod

159 1900 326 1952 ceteri
371 1899 674 1970 praebent,
721 1896 848 1951 ἱέναι
890 1894 1037 1951 κάτω
1072 1918 1151 1967 γρ.
1191 1897 1277 1950 καὶ
1314 1893 1378 1950 σι’)
1414 1915 1489 1965 γε,
1528 1915 1578 1947 v,
1607 1894 1704 1946 118
1751 1889 1862 1961 ὅπη
1897 1910 1975 1959 γρ.

159 1985 326 2053 ὅπως,
367 2008 416 2041 v.
454 1989 554 2039 309
600 1988 946 2056 προςέπτατο
984 2007 1064 2056 γρ.
1102 1988 1450 2055 προςέμπεσε
1487 2003 1584 2056 pro
1623 1981 1976 2052 προςέπεσεν.

294 2079 544 2133 Dubitari
586 2079 752 2147 igitur
788 2079 990 2148 nequit,
1033 2079 1160 2146 quin
1198 2088 1413 2150 praeter
1451 2078 1584 2130 duos
1621 2075 1746 2126 illos
1788 2072 1976 2124 tertius

161 2169 364 2246 Veneti
426 2170 546 2221 fons
600 2169 783 2222 fuerit.
837 2169 1107 2222 Videntur
1144 2187 1272 2220 vero
1312 2169 1447 2220 adeo
1489 2174 1739 2237 quattuor
1780 2163 1975 2229 fuisse3

108 2307 121 2311 -
161 2260 391 2312 Plut.·bo
411 2260 574 2326 enim,
612 2268 672 2311 ut
707 2260 812 2310 iam
836 2278 997 2328 supra
1019 2260 1265 2324 vidimus,
1290 2260 1572 2312 Ravennas
1610 2255 1830 2307 exhibet
1857 2253 1978 2322 βίῳ,

160 2349 458 2402 deteriores
482 2349 695 2401 codices
715 2345 1154 2418 29611131,Venetus
1179 2345 1305 2415 ἔτει,
1325 2349 1467 2400 idem
1486 2366 1612 2398 vero
1644 2345 1974 2416 adscriptum

159 2440 321 2492 habet
355 2460 432 2508 γρ.
459 2439 590 2508 γένει
616 2439 703 2491 καὶ
729 2435 920 2508 χρόνῳ,
963 2457 1030 2490 ex
1059 2439 1249 2509 quibus
1278 2439 1596 2491 lectionibus
1623 2446 1713 2489 aut
1739 2433 1847 2489 ἔτει
1888 2444 1978 2486 aut

160 2530 297 2599 γένει
351 2548 574 2583 necesse
618 2539 698 2582 est
742 2548 809 2582 ex
852 2537 1037 2600 quarto
1077 2529 1256 2596 aliquo
1283 2530 1430 2581 fonte
1475 2528 1704 2579 deducta
1743 2526 1827 2578 sit.
1869 2524 1978 2581 Sed

161 2621 386 2673 acceditv
429 2620 590 2672 aliud.
674 2620 812 2672 Illae
867 2621 1044 2671 variae
1097 2620 1358 2671 lectiones
1401 2619 1704 2687 *pleraeque
1761 2615 1975 2684 quidem

159 2712 424 2781 pessimae
451 2720 626 2779 notae,
666 2710 957 2763 nonnullae
982 2710 1443 2779 praeclarissimae
1478 2716 1614 2760 sunt.
1656 2707 1977 2763 Salutiferac

165 2801 307 2852 enim
346 2800 658 2853 iamdudum
703 2800 997 2852 extiterunt
1047 2799 1128 2850 his
1168 2799 1329 2850 locis:
1369 2799 1536 2868 Vesp.
1572 2799 1692 2864 675,
1736 2797 1851 2864 7012,
1888 2796 1976 2849 ubi

170 2890 412 2943 Venetus
470 2890 812 2943 scholiastam
869 2899 920 2942 ct
959 2889 1180 2945 Suidam
1229 2889 1593 2942 adsentientes
1632 2889 1812 2953 habet,
1851 2888 1977 2940 Pac.

166 2981 317 3046 1317,
359 2981 507 3046 1144,
563 2980 654 3031 ubi
707 2980 902 3031 iterum
950 2980 1143 3035 Suidas
1204 2979 1428 3031 candem
1476 2980 1768 3032 lectionem
1804 2971 1972 3048 ἄφετε

165 3071 403 3142 praebet,
442 3071 575 3124 Rau.
619 3070 732 3136 118,
773 3071 827 3121 in
862 3071 1172 3138 Bergkiana
1221 3071 1387 3121 altera
1439 3070 1598 3122 etiam
1643 3070 1783 3122 Plut.
1830 3070 1977 3121 1013.

165 3161 417 3231 Spretum
458 3179 586 3212 vero
626 3161 801 3212 adhue
837 3169 948 3228 est,
989 3161 1128 3231 quod
1173 3161 1413 3212 Venetus
1456 3161 1599 3212 Plut.
1634 3161 1702 3212 50
1741 3161 1976 3230 praebet,

166 3250 290 3304 ἔτει.
378 3251 485 3306 Sed
539 3251 757 3303 memini
810 3251 1109 3320 Sauppium
1167 3251 1221 3303 in
1279 3251 1548 3304 seminarii
1600 3250 1977 3317 Gottingensis

165 3341 481 3395 lectionibus
527 3342 654 3394 mihi
702 3343 946 3411 probare,
1002 3341 1348 3394 usitatissima
1390 3341 1696 3409 corruptela
1736 3349 1978 3393 correcta

165 3432 505 3491 scribendum
577 3450 724 3486 esse:
787 3430 862 3495 ὡς
917 3429 1109 3504 σφόδρ’
1179 3432 1291 3485 ἐστὶ
1347 3428 1630 3503 σύμφορον
1693 3428 1755 3482 το
1816 3431 1980 3501 μηδὲν
