2267 3845
1023 225 1120 288 -33

182 374 440 434 memoria
478 403 588 436 non
627 393 906 453 tenerent,
961 385 1143 437 dicunt
1183 383 1396 455 ἡμερῶν
1433 385 1704 457 τεττάρων
1738 387 1801 443 τὸ
1839 393 1996 445 πλεῖ-

182 490 313 525 στον
349 471 381 523 i.
421 489 465 525 6.
521 472 624 524 iam
661 481 907 544 quartum
958 475 1102 528 hunc
1141 476 1300 527 diem.
1345 477 1613 542 „Maxime
1649 497 1871 533 necesse
1910 491 1991 534 est

182 561 359 613 Deum
398 562 591 615 fecisse
627 563 864 633 pluviam
920 564 1026 614 iam
1070 573 1316 632 quartum
1364 568 1507 618 hunc
1550 568 1722 635 diem,
1759 570 1994 623 scilicet:

181 658 387 704 tantum
439 670 542 722 ego
580 652 738 704 video
773 653 868 704 luti
923 661 975 704 et
1013 655 1193 706 calco“
1237 656 1303 706 cf.
1343 657 1447 707 490
1483 654 1793 727 πεντήκοντ’
1839 659 1991 724 ἐτῶν,

179 741 311 810 LyS.
350 741 452 793 280
491 738 554 807 ἓξ
585 740 719 793 ἑτῶν
748 734 1021 805 ἕὶλουτος.“
1070 744 1128 798 Si
1171 763 1326 796 senes
1367 746 1470 798 hoc
1507 747 1778 815 dicerent,
1815 750 1996 802 absur-

182 830 401 883 dissime
439 831 582 899 quod
619 831 758 883 scire
795 832 993 884 debent
1018 834 1356 902 conligerent
1384 853 1452 886 ex
1484 835 1578 887 luti
1621 837 1903 889 altitudine
1929 858 1995 875 —

179 920 382 990 pluisse
426 937 526 990 per
565 938 760 990 paucos
814 921 927 972 dies
965 921 1258 989 proximos.
1331 923 1450 976 Nec
1491 925 1674 993 magis
1701 926 1827 978 mihi
1866 945 1995 998 pro-

177 1011 391 1075 bantur,
435 1026 572 1079 quae
608 1009 804 1061 deinde
843 1010 1002 1062 homo
1042 1011 1383 1066 doctissimus
1423 1014 1580 1066 dicit:
1624 1004 1769 1081 „Iam
1815 1018 1995 1085 sequi-

182 1108 271 1154 tur
307 1100 477 1151 altera
520 1117 708 1152 senum
735 1100 1066 1153 observatio:
1107 1101 1299 1169 Neque
1323 1105 1550 1156 cessabit
1587 1107 1794 1175 pluere,
1833 1127 1995 1178 quum

180 1191 380 1258 fungos
416 1189 470 1240 in
510 1189 740 1241 lucernis
780 1190 1071 1244 increvisse
1112 1191 1340 1245 videam.
1408 1194 1597 1263 Itaque
1636 1213 1707 1247 ex
1749 1196 1847 1248 hac
1877 1215 1995 1250 mea

183 1278 547 1351 explicatione
587 1297 743 1332 senes
785 1280 915 1333 <luas
954 1299 1039 1332 res
1078 1292 1372 1353 exponunt,
1410 1280 1504 1334 τον
1527 1281 1796 1352 ΙΒόρβορον
1824 1286 1993 1340 lutum

179 1378 232 1424 et
266 1368 394 1433 wig
428 1367 665 1440 μύκητας
703 1373 933 1440 fungos3
972 1381 1255 1443 utramque
1292 1375 1643 1426 coniectando
1682 1386 1734 1427 et
1768 1377 1994 1429 senilem

176 1460 232 1512 in
268 1460 485 1512 modum
529 1460 844 1513 disserendo
901 1462 1198 1531 pluribus.“
1263 1463 1384 1530 Ego
1438 1464 1655 1533 quidem
1694 1466 1824 1518 mihi
1870 1485 1996 1538 per-

179 1549 407 1603 suadere
468 1569 576 1601 non
637 1569 874 1620 possum,
919 1553 1367 1617 observationem,
1418 1571 1553 1619 quae
1613 1555 1829 1606 omnino
1885 1575 1991 1608 non

180 1642 324 1695 facta
364 1649 457 1707 cst,
505 1650 770 1708 tamquam
816 1643 955 1694 facta
992 1643 1058 1693 sit
1096 1627 1426 1711 argumentis
1482 1663 1637 1714 posse
1676 1647 1991 1700 confirmari.

177 1729 289 1783 Sed
333 1731 421 1800 qui
453 1731 754 1783 aRichtero
780 1750 887 1784 non
925 1734 1190 1784 refutatus
1231 1742 1309 1785 cst
1335 1733 1678 1787 Hermannus
1700 1744 1879 1789 tamen
1916 1756 1994 1789 er-

176 1821 333 1874 ravit.
407 1819 483 1874 Ut
520 1820 662 1872 enim
700 1821 932 1891 primum
962 1822 1083 1874 telis
1136 1839 1257 1874 eum
1295 1823 1584 1893 adgrediar
1619 1826 1694 1876 eis
1730 1827 1992 1880 similibus

175 1910 368 1980 quibus
410 1912 523 1981 ipse
563 1911 836 1980 vulgatam
875 1912 1226 1981 impugnavit,
1264 1914 1532 1981 quomodo
1582 1916 1797 1968 tandem
1836 1936 1994 1970 senes

173 2002 317 2068 inde,
342 2001 487 2069 quod
520 2002 694 2054 solum
721 2001 912 2054 durum
952 2010 1111 2070 atque
1134 2002 1430 2054 arefactum
1459 2004 1663 2070 vident,
1695 2014 1803 2058 tam
1831 2008 1992 2059 facile

175 2092 500 2146 concludere
554 2101 797 2162 possunt,
851 2092 990 2144 intra
1048 2104 1302 2161 quattuor
1352 2097 1465 2147 dies
1523 2098 1639 2149 fore
1689 2106 1746 2149 ut
1802 2100 1996 2168 pluat?

172 2187 389 2240 Deinde
425 2204 555 2238 vero
592 2186 752 2237 homo
794 2186 1131 2238 doctissimus
1167 2187 1221 2238 id
1263 2188 1479 2254 quidem
1516 2196 1664 2240 recte
1703 2188 1993 2257 intellexit,

173 2277 510 2329 enuntiatum
544 2276 689 2344 quod
723 2284 804 2327 est
831 2269 963 2328 κοῦκ
1003 2274 1126 2329 ἔσθ
1168 2273 1322 2340 ὅπως
1350 2270 1446 2343 οὐχ
1482 2275 1695 2347 ἡμερῶν
1724 2274 1996 2346 τεττάρων

171 2362 234 2420 τὸ
259 2367 520 2419 πλεῖστον
556 2362 700 2432 ὕδωρ
725 2358 1023 2434 ἀναγκαίως
1059 2364 1168 2431 ἔχει
1205 2364 1301 2419 τὸν
1328 2363 1466 2419 θεὸν
1487 2371 1710 2438 ποιῆσαι
1751 2369 1819 2420 ad
1855 2371 1995 2421 futu-

171 2479 292 2512 rum
329 2467 542 2528 tempus
583 2457 931 2508 referendum
989 2475 1126 2523 esse,
1179 2475 1312 2525 quae
1354 2467 1531 2510 autem
1583 2460 1718 2512 ratio
1761 2460 1992 2513 interce-

171 2549 325 2602 deret
377 2549 516 2599 inter
568 2548 670 2598 hoc
728 2547 1057 2599 enuntiatum
1117 2556 1168 2598 et
1221 2547 1276 2599 id
1342 2549 1484 2616 quod
1538 2549 1811 2601 antecedit
1870 2569 1993 2602 eum

175 2648 465 2711 propterca
500 2638 658 2708 fugit,
700 2638 842 2706 quod
880 2657 986 2690 non
1017 2639 1144 2689 satis
1182 2639 1494 2689 attendebat
1529 2639 1594 2691 ad
1616 2633 1746 2691 κοῦκ
1773 2640 1845 2708 (v.
1865 2640 1994 2709 260)

172 2738 228 2782 et
263 2731 390 2798 γοῦν
429 2730 503 2797 (v.
533 2729 658 2797 262)
699 2730 933 2780 voculas.
1007 2729 1085 2783 Ut
1125 2729 1264 2780 enim
1329 2730 1463 2781 haec
1508 2731 1771 2799 particula
1828 2731 1999 2801 signi--

175 2822 317 2886 ficat,
358 2838 408 2872 v.
448 2820 550 2871 262
605 2838 814 2870 causam
870 2819 1162 2884 continere,
1203 2839 1296 2870 cur
1334 2837 1488 2871 senes
1531 2829 1720 2890 putent
1769 2821 1883 2873 fore
1935 2831 1995 2873 ut

172 2911 339 2981 pluat,
377 2910 450 2961 ita
486 2928 534 2960 v,
573 2909 675 2960 260
711 2909 799 2959 καὶ
834 2909 1011 2974 docet,
1054 2908 1109 2959 id
1165 2908 1307 2976 quod
1360 2909 1439 2959 his
1483 2909 1690 2961 duobus
1746 2911 1994 2963 versibus

172 3003 539 3069 contineatur,
579 3001 782 3072 aliquid
824 3002 947 3052 novi
996 3010 1047 3052 et
1086 3001 1152 3051 ab
1192 3018 1254 3051 eo
1293 3001 1435 3068 quod
1476 3003 1748 3053 antecedit
1790 3002 1987 3055 diversi

172 3092 405 3145 adferre.
490 3092 681 3144 Totius
736 3092 904 3160 igitur
959 3091 1064 3143 loci
1124 3090 1255 3142 ratio
1314 3090 1447 3141 haec
1504 3099 1599 3141 est.
1674 3092 1817 3143 Puer
1871 3110 1989 3144 sese

172 3183 367 3234 iterum
406 3191 512 3234 tam
556 3183 794 3251 graviter
852 3181 1097 3252 punitum
1157 3181 1378 3232 chorum
1439 3180 1669 3232 lucernis
1710 3182 1989 3235 exstinctis

172 3275 228 3326 in
268 3275 506 3326 tenebris
547 3281 600 3326 et
624 3274 736 3324 luto
762 3271 1077 3324 relicturum
1121 3264 1236 3322 csse
1263 3271 1519 3335 minatur3
1559 3270 1641 3321 cui
1663 3289 1849 3338 senex,
1888 3291 1991 3342 qua

171 3365 251 3418 sui
300 3364 498 3417 fiducia
541 3363 748 3415 iudices
804 3363 964 3413 etiam
1002 3361 1403 3431 potentissimos
1444 3360 1688 3411 homines
1732 3361 1990 3415 condem—-

170 3473 298 3508 nare
336 3455 575 3506 consueti
614 3471 730 3506 esse
772 3453 980 3505 solent:
1023 3452 1222 3519 „Mihi“
1263 3451 1439 3521 inquit
1479 3459 1564 3517 „te
1603 3451 1761 3502 etiam
1800 3460 1986 3522 poten·

1632 3545 1656 3573 0

1631 3571 1655 3584 ΛΕ
