2267 3845
1102 213 1170 266 29

390 366 588 419 Nullus
640 367 805 436 igitur
847 367 1061 435 dubim,
1121 368 1250 436 quin
1295 368 1688 438 Aristophanes
1747 369 1834 420 vel
1895 368 2036 437 quod

231 454 469 509 Cobetus
505 457 592 507 vel
637 457 777 527 quod
821 457 1123 509 Meinekius
1165 457 1427 522 coniecit,
1466 475 1524 508 re
1563 476 1690 509 vera
1746 458 2037 527 scripserit.

228 546 419 613 Itaque
460 546 565 598 iam
591 545 1045 616 deprehendimus
1081 566 1243 598 unuin
1282 555 1361 599 sat
1395 555 1598 598 certum
1635 547 1747 598 eius
1784 564 2034 599 versuum

227 635 444 704 generis
482 635 807 706 exemplum,
855 636 997 703 quod
1037 636 1259 705 Reisigii
1301 645 1353 687 ct
1407 646 1612 689 nostras
1656 655 1811 688 aures
1861 645 2031 688 tanto-

222 742 356 796 pere
397 724 639 777 offendit.
714 725 822 779 Sed
865 726 1022 776 etiam
1064 726 1291 777 certiora
1328 727 1456 778 hacc
1499 726 1788 778 accedunt:

433 828 568 880 Ach.
605 827 708 879 538
750 821 844 879 οὒκ
889 822 1158 897 ἠθέλομεν
1193 828 1236 880 ὸ’
1285 824 1436 896 ἡμεῖς
1475 827 1836 894 δεομένων
1871 828 2036 879 πολ-

1596 915 1791 981 λάκις

431 1009 503 1060 ib.
540 1007 674 1060 1022
730 1009 779 1060 τί
821 1011 865 1061 δ’
922 1008 1169 1072 ἔπαθεςε
1245 1040 1277 1044 --
1336 1009 1621 1078 ἐπε-τρίβην
1674 1003 2039 1072 ἀπολέσας

1541 1097 1631 1150 τιὸ
1669 1095 1788 1165 βόε

433 1190 532 1260 Eq.
561 1191 654 1242 113
695 1189 824 1261 φέρε
866 1211 956 1241 νυν
984 1187 1083 1258 ἐγώ
1106 1191 1312 1258 ’μαυτῴ
1352 1184 1738 1257 προςαγάγω
1775 1185 1890 1240 τὸν
1920 1185 2039 1254 χόα

434 1279 505 1331 ib.
557 1280 692 1331 1374
752 1283 860 1333 ποῖ·
929 1281 1061 1349 δῆτα
1131 1279 1467 1348 Κλεισθένης
1529 1273 1860 1347 ἀγοράσει
1926 1280 2035 1331 καὶ

1476 1365 1791 1436 Στράτων

435 1459 557 1512 Pac.
577 1460 680 1511 439
714 1456 788 1526 μά
810 1459 890 1512 Ji’
925 1452 1034 1511 ἄλλ’
1077 1459 1131 1512 ἐν
1154 1456 1332 1531 εἰρήνῃ
1361 1461 1713 1528 διαγαγεῖν
1751 1456 1820 1511 τὸ
1840 1480 1865 1510 ν
1888 1459 2039 1525 βίον

431 1550 534 1601 Av.
593 1550 726 1601 1290
786 1542 1200 1618 ὠρνιθομάνουν
1257 1550 1300 1601 δ’
1364 1546 1506 1602 οῖ”τω
1575 1570 1618 1600 π
1640 1569 1664 1602 ε
1687 1570 1715 1617 ρ
1742 1570 1761 1601 ι
1782 1569 1823 1620 φ
1843 1570 1876 1600 α
1898 1569 1924 1600 ν
1948 1551 1991 1600 ὦ
2014 1569 2040 1611 ς

1461 1636 1638 1692 ὥστε·
1677 1640 1788 1691 καὶ

430 1730 499 1782 ib.
544 1732 669 1785 1401
732 1727 980 1798 χαρίεντά
1030 1731 1071 1798 γ’
1126 1720 1168 1780 ὦ
1224 1731 1479 1797 πρεσβῦτ’
1539 1728 1866 1801 ἐσοφίσω
1922 1728 2037 1780 καὶ

1597 1815 1791 1889 σοφά

430 1913 498 1965 ib.
545 1913 676 1965 1406
714 1912 1089 1983 Λεωτροφίδῃ
1126 1908 1288 1978 χορὸν
1325 1910 1720 1977 πετομένων
1753 1902 2005 1976 ὅρνέων

432 2002 577 2055 Ecel.
624 2005 726 2056 543
769 1996 963 2056 οἴκοι-ν
1017 2004 1202 2070 λαβεῖν
1254 2003 1295 2070 γ’
1351 1994 1513 2063 αι’·τῑὶς
1559 1995 1898 2069 ἐδυνάμην
1937 1993 2038 2050 οὗ-

1561 2092 1790 2158 δαμοῦ

430 2186 567 2238 Plut.
587 2186 690 2239 664
710 2175 842 2255 ἦσαν
865 2185 923 2238 δέ
946 2205 1084 2248 τινες
1111 2177 1293 2237 κέἔλλοι
1321 2179 1628 2250 δεόμενοι
1670 2202 1697 2233 τ
1715 2184 1786 2234 οὗ
1811 2183 1976 2234 θεοῦ
2000 2182 2040 2244 ¹)

428 2276 498 2327 ib.
538 2275 638 2326 720
673 2275 758 2327 καὶ
797 2280 979 2341 σχῖνον
1018 2269 1113 2327 εἶτ’
1158 2268 1266 2341 ι’)’ξει
1310 2274 1629 2341 ὄιέμενος
1670 2271 2000 2344 σφῃττίῳ.

385 2365 536 2417 Haec
592 2365 875 2417 duodecim
936 2366 1186 2435 exempla
1246 2365 1474 2423 docent,
1526 2364 1590 2415 ab
1651 2362 2033 2435 Aristophanis

223 2465 368 2509 certe
406 2456 623 2508 metrica
686 2464 799 2508 arte
839 2475 945 2508 non
987 2456 1092 2508 iarn
1134 2474 1292 2526 posse
1340 2453 1648 2526 improbari,
1687 2472 1818 2523 quos
1860 2447 2037 2506 emen-

221 2546 424 2598 dandos
463 2563 578 2598 esse
631 2566 790 2616 supra
843 2546 996 2597 nobis
1042 2563 1356 2616 persuasum
1399 2552 1530 2610 erat,
1570 2542 1825 2612 Equitum
1866 2542 2038 2610 illum,

217 2636 362 2689 unde
398 2636 578 2690 exorsi
620 2656 801 2688 sumus
841 2645 893 2687 et
929 2635 1128 2688 Avium
1162 2654 1393 2687 versum.
1461 2634 1639 2703 Atque
1680 2633 1778 2684 hoc
1817 2632 2034 2703 quidem

217 2727 336 2779 loco
372 2746 492 2778 cum
533 2728 643 2778 sola
677 2726 889 2778 aurium
928 2725 1225 2777 offensione
1266 2723 1515 2776 commoti
1545 2720 1610 2776 σύ
1649 2721 2032 2792 expellendum

156 2866 161 2871 .
217 2835 336 2869 esse
376 2817 763 2883 censuerimus,
820 2817 913 2869 has
952 2834 1082 2867 vero
1136 2833 1235 2886 pro
1282 2814 1642 2885 Aristophane
1698 2812 1855 2864 nimis
1912 2813 2031 2863 sub·

218 2904 337 2958 tiles
359 2905 525 2958 fuisse
551 2905 889 2958 intellectum
926 2904 992 2955 sit
1016 2903 1080 2970 2),
1118 2902 1508 2955 restituendum
1537 2902 1638 2953 erit
1677 2901 1819 2969 quod
1861 2900 2026 2969 vulgo

217 2995 529 3066 legebatur:

385 3215 425 3263 1)
457 3212 589 3255 Hunc
621 3225 802 3254 versum
836 3209 1017 3252 Carioni
1056 3207 1419 3251 continuandum
1454 3221 1552 3250 esse
1587 3206 1813 3249 existimo.

381 3295 424 3346 2)
461 3291 655 3336 Omnino
704 3289 990 3346 experientia
1034 3288 1201 3330 iterum
1234 3292 1368 3342 atque
1402 3287 1568 3328 iterum
1615 3299 1687 3327 me
1720 3284 1890 3337 docuit,
1927 3284 2034 3326 Ari-

218 3370 494 3428 stophanem
522 3371 572 3414 in
590 3371 799 3414 versibus
818 3367 1070 3424 pangendis
1101 3381 1193 3410 non
1225 3380 1324 3409 eam
1354 3365 1643 3422 diligentiam
1663 3364 1868 3420 posuisse
1897 3377 2032 3418 quam

217 3451 478 3508 suspiceris,
510 3450 736 3506 nobisque
775 3448 1029 3492 cavendum
1057 3462 1171 3498 esse,
1206 3460 1258 3488 ne·
1296 3444 1418 3500 quod
1439 3444 1625 3487 auribus
1658 3443 1830 3486 nostris
1862 3441 2029 3498 displi-
