2267 3845
341 911 693 978 Eduardus
752 909 1071 978 Henrious
1136 910 1439 979 Albertus
1499 912 1581 977 de
1630 910 1964 996 Bamberg

933 1023 1013 1089 de
1070 1021 1193 1090 vita
1250 1045 1379 1090 sua.

447 1286 617 1338 Natus
672 1306 788 1338 sum
846 1286 1250 1357 Rudolphopoli
1313 1285 1457 1338 Prid.
1501 1284 1640 1338 Non.
1683 1283 1803 1336 Mai.
1845 1303 1891 1336 a.
1930 1283 1981 1334 h.
2019 1301 2060 1335 s.

247 1377 597 1430 XXXXIIII
650 1387 799 1448 patre
842 1378 1233 1441 Grunthero7
1292 1377 1380 1445 qui
1442 1393 1638 1447 paruae
1691 1374 1920 1426 civitatis
1974 1391 2062 1426 res

247 1467 637 1519 ecclesiasticas
695 1477 747 1519 et
786 1468 1129 1519 scholasticas
1185 1467 1370 1518 eadem
1425 1465 1689 1535 religione
1732 1464 2066 1516 administrat

254 1577 358 1626 qua
414 1578 640 1628 magnae
682 1559 914 1610 familiae
972 1557 1126 1609 saluti
1179 1557 1428 1622 consulit,
1485 1564 1648 1607 matre
1688 1554 1947 1607 Thecla
1997 1552 2064 1604 de

248 1657 412 1716 gente
454 1649 955 1700 Hoercherian
976 1669 1020 1715 a,
1059 1666 1212 1715 quam
1254 1659 1376 1698 ante
1419 1648 1515 1697 hos
1573 1655 1692 1698 octo
1749 1663 1917 1696 annos
1955 1652 2065 1694 tam

253 1740 549 1811 praecipite
607 1758 762 1808 quam
820 1746 1158 1808 praematura
1214 1746 1385 1789 morte
1440 1737 1592 1789 nobis
1651 1744 1891 1805 ereptam
1951 1750 2066 1785 esse

250 1829 407 1884 etiam
449 1850 590 1882 nuno
633 1830 896 1896 dolemus,
952 1839 1236 1899 postquam
1289 1828 1534 1896 contigit,
1577 1835 1634 1878 ut
1677 1825 1895 1896 gemina
1954 1824 2068 1876 eius

250 1942 403 1975 soror
462 1922 621 1972 vidua
682 1921 817 1990 patri
879 1922 934 1972 in
992 1921 1257 1990 coniugis,
1317 1919 1469 1970 nobis
1526 1918 1709 1969 liberis
1770 1915 2065 1978 inmatris

252 2014 427 2064 locum
456 2012 774 2064 succederet
796 2012 1103 2079 familiaque
1143 2010 1300 2062 modo
1340 2010 1470 2062 orba
1505 2008 1679 2060 subito
1718 2006 2068 2058 laetissimum

251 2103 641 2154 incrementum
699 2111 950 2153 sumeret.
1029 2101 1348 2154 Christianis
1402 2099 1703 2170 adscriptus
1760 2116 1876 2150 sum
1936 2115 2069 2164 quos

256 2192 444 2243 dicunt
499 2192 842 2258 evangelicis*
921 2193 983 2244 In
1026 2191 1600 2243 Fridericianum
1655 2188 1859 2258 patriae
1917 2186 2066 2238 urbis

251 2283 600 2352 gymnasium
642 2283 869 2334 inlustre
896 2303 923 2334 a
949 2281 1142 2334 Carolo
1177 2281 1454 2336 Guilelmo
1482 2282 1583 2333 Mu
1604 2279 1827 2331 ellero
1859 2285 2069 2329 rectore

251 2373 516 2424 acerrimo
553 2382 804 2442 receptus
843 2373 1178 2424 institutione
1219 2373 1426 2423 fructus
1483 2390 1599 2422 sum
1655 2368 2070 2421 clarissimorum

252 2462 562 2528 hominum,
619 2462 891 2532 Rudolphi
950 2461 1345 2528 Hereheri,
1403 2478 1557 2527 quem
1618 2457 2070 2523 Berolinensium‚

252 2553 522 2607 Samnelis
570 2552 890 2618 Obbarii‚
935 2571 1093 2622 quem
1149 2551 1334 2603 mortis
1387 2550 1588 2602 invidia
1638 2549 1793 2601 nobis
1855 2547 2071 2618 eripuit,

253 2642 471 2695 Ernesti
512 2642 786 2696 Klussm
810 2643 968 2695 anni
1010 2640 1374 2713 praeceptoris
1412 2639 1611 2710 optime
1652 2639 1717 2690 de
1755 2656 1840 2690 me
1878 2637 2072 2690 meriti.

253 2735 320 2786 In'
372 2734 476 2785 hoc
526 2733 810 2802 gymnasio
867 2741 926 2784 ut
982 2732 1281 2782 litterarum
1335 2749 1482 2781 amor
1540 2739 1694 2780 natus
1745 2737 1856 2796 est,
1892 2728 1963 2779 ita
2014 2727 2070 2779 in

255 2842 426 2892 regno
481 2824 1014 2893 Rudolphopolitano
1079 2824 1157 2875 rei
1227 2821 1478 2892 publicae
1539 2821 1813 2890 gerendae
1871 2820 2072 2872 odium.

253 2913 445 2983 Itaque
489 2913 784 2966 desciscere
827 2934 856 2965 a
911 2914 1170 2965 maiorum
1213 2931 1360 2964 more
1403 2921 1456 2963 et
1491 2930 1647 2979 quam
1699 2911 2071 2962 adamaveram

253 3002 587 3072 philologiae
630 3003 849 3055 studere
898 3003 1165 3055 constitui.
1240 3001 1773 3072 Sapientissimorum
1811 3017 1942 3051 vero
1986 3018 2071 3069 pa-

257 3093 352 3144 tris
390 3093 684 3145 amicorum
730 3093 954 3146 consilio
993 3093 1343 3145 saluberrime
1371 3092 1564 3143 factum
1607 3100 1704 3157 est,
1741 3099 1799 3142 ut
1840 3089 2070 3161 primum

259 3183 678 3254 Gottingam
714 3202 798 3234 me
851 3185 1175 3236 conferrem.
1248 3183 1388 3235 Nam
1430 3181 1663 3235 Curtii
1704 3178 2071 3232 Leutschii

256 3273 563 3344 Sauppii
602 3274 979 3326 benevolentia
1023 3291 1107 3324 me
1149 3273 1326 3324 statim
1365 3274 1429 3324 ab
1486 3271 1636 3323 initio
1679 3271 1909 3340 primum
1948 3287 2070 3340 pro-

255 3362 563 3427 seminarii‚
624 3363 823 3415 deinde
884 3363 1159 3414 seminarii
1220 3361 1743 3427 extraordinarium,
1798 3366 2071 3429 postremo

256 3453 496 3505 sodalem
549 3453 877 3505 ordinarium
938 3470 1055 3504 esse
1107 3452 1312 3519 voluit,
1350 3452 1423 3503 ita
1475 3460 1532 3502 ut
1575 3469 1673 3521 per
1729 3468 1887 3503 omne
1927 3449 2072 3518 quod
