2267 3845
1053 207 1117 262 15

184 351 290 413 dos
329 360 485 412 nobis
544 379 833 427 sumemus,
894 363 984 431 qui
1034 363 1121 414 vel
1180 362 1524 415 multitudine
1582 371 1634 414 et
1680 363 1991 415 auctoritate

178 458 401 515 eorum,
449 449 536 519 qui
584 451 660 501 eis
711 451 982 502 constricti
1043 451 1278 517 fuerunt,
1332 453 1418 502 vel
1464 470 1526 503 eo
1566 470 1685 504 sese
1724 471 1991 504 commen·

179 539 324 604 dant,
365 539 508 607 quod
545 558 672 590 usus
696 538 1077 609 Aristophanis
1115 540 1486 609 perscrutandi
1523 560 1677 593 ansas
1713 543 1990 612 praebent.

344 648 433 701 Ad
470 649 700 700 alterum
750 667 923 717 genus
970 650 1203 718 pertinet
1253 650 1515 703 Kockii
1552 651 1651 720 Eq.
1697 651 1791 703 177
1831 651 1989 721 quam

179 746 331 808 putat
367 737 685 791 emendatio
758 738 1071 807 Legebatur
1111 742 1209 792 hoe
1248 742 1400 793 loco:

406 847 562 916 γίγνει
603 843 714 915 γὰρ,
765 843 837 910 (ὃς
877 844 904 899 ὁ
943 845 1180 918 χρησμὸς
1219 845 1402 903 οὑτοσὶ
1443 850 1594 919 λέγει,

406 931 537 1007 ἆνῆρ
575 937 839 1006 μέγιστος.
880 942 1077 990 AAA.
1116 937 1344 1007 εἷῑιέμοι
1386 941 1474 993 καὶ
1512 944 1634 1004 πῶς
1673 938 1773 1010 έγιι)
1816 940 1918 995 ἕτλ.

309 1049 590 1102 Ravennas
646 1048 699 1100 in
735 1049 914 1119 priore
971 1067 1127 1101 versu
1182 1051 1319 1102 inter
1355 1048 1450 1119 γὰρ
1503 1060 1556 1102 et
1594 1047 1667 1114 (ὃς
1707 1051 1986 1122 interposi-

172 1147 284 1191 tum
321 1139 481 1190 habet
506 1130 709 1201 ‹³52›cwg;
749 1158 851 1208 qua
875 1140 1018 1192 varia
1046 1140 1275 1193 lectione
1302 1150 1518 1213 arrepta
1538 1141 1784 1195 Koekius
1827 1142 1986 1208 (Mus.

173 1230 345 1283 Rhen.
391 1229 471 1282 IX
510 1249 559 1300 p.
582 1230 708 1293 500)
751 1231 827 1282 sie
862 1229 1203 1283 scribendum
1244 1249 1389 1284 csse:

406 1342 564 1410 γίγνει
601 1337 696 1409 γὰρ
736 1332 907 1392 iimo
923 1361 966 1408 ς,
1003 1336 1077 1404 (ὃς
1117 1337 1144 1393 ὁ
1185 1337 1423 1411 χρησμός
1461 1362 1570 1394 σοι
1611 1342 1745 1410 λέγει
1784 1342 1894 1395 κτλ.

173 1452 301 1504 mihi
345 1452 560 1520 quidem
598 1471 706 1504 non
736 1453 1014 1522 persuasit.
1089 1452 1224 1503 Nam
1267 1453 1410 1521 quod
1447 1453 1605 1505 homo
1645 1452 1985 1504 doctissimus

169 1542 424 1614 postulat,
465 1551 523 1593 ut
548 1543 947 1595 Demosthenes
984 1542 1310 1594 insiciarium
1351 1543 1404 1594 in
1447 1561 1711 1594 summum
1752 1550 1984 1613 potesta-

171 1632 237 1684 tis
274 1629 551 1699 fastigium
601 1650 945 1684 escensurum
1003 1649 1116 1683 esse
1161 1631 1361 1683 maiore
1401 1632 1451 1682 vi
1508 1639 1795 1698 asseveret,
1833 1639 1891 1683 ut
1930 1631 1984 1682 hi

168 1723 412 1792 theologi
455 1722 626 1792 magis
686 1731 738 1774 et
777 1722 983 1774 facilius
1035 1721 1189 1773 nobis
1241 1721 1519 1793 imponere
1579 1722 1676 1774 sibi
1715 1721 1983 1788 videntur,

170 1812 211 1864 si
254 1812 424 1881 digito
472 1820 829 1865 monstrantes
872 1812 1049 1864 divina
1076 1812 1362 1864 bibliorum
1389 1829 1661 1864 sacrorum
1689 1801 1983 1865 verba‘an-

164 1910 426 1955 testentur
489 1922 646 1973 quam
707 1903 916 1973 quotvis
978 1902 1309 1954 affirmativis
1368 1901 1646 1971 particulis
1683 1902 1984 1970 cumulatis,

162 1991 235 2044 ita
274 1992 672 2044 Demosthenes
710 1991 776 2043 ad
830 1991 1260 2063 persuadendum
1314 1991 1485 2062 aptius
1527 1990 1655 2043 dicit
1691 1991 1850 2060 γίγνει
1888 1988 1984 2060 γὰρ

163 2077 237 2151 (ὃς
277 2078 306 2133 ὃ
345 2078 583 2151 χρησμτῖς
621 2078 864 2135 οὗτοσί
903 2081 1037 2151 λέγει
1091 2101 1245 2150 quam
1287 2100 1408 2133 cum
1438 2082 1651 2133 Kockio
1690 2080 1848 2150 γίγνει
1888 2079 1983 2150 γὰρ

162 2164 376 2236 ὄντως
419 2168 493 2235 ὥς
531 2169 558 2223 ὃ
596 2169 834 2240 χρησμός
873 2191 959 2224 σοι
997 2171 1132 2240 λέγει
1175 2171 1284 2222 κτλ.
1358 2171 1428 2223 Et
1461 2167 1646 2224 οὑτοσὶ
1686 2189 1984 2242 pronomen

164 2262 659 2327 demonstrativum,
706 2281 827 2314 cum
862 2261 1262 2314 Demosthenes
1301 2261 1367 2313 ad
1406 2261 1735 2314 insiciarium
1779 2262 1845 2314 de
1884 2263 1986 2314 hoe

156 2353 414 2406 vaticinio
463 2353 728 2406 nihildum
772 2353 987 2420 dixerit,
1026 2354 1385 2406 necessarium
1429 2361 1523 2405 cst.
1598 2354 1769 2407 Huius
1817 2354 1984 2423 igitur

159 2463 346 2498 versus
374 2445 591 2514 vulgata
612 2444 876 2514 scriptura
903 2444 1030 2514 quin
1053 2445 1119 2496 ad
1147 2443 1319 2513 ipsum
1343 2445 1762 2513 Aristophanem
1798 2445 1985 2498 redeat

161 2543 452 2600 auctorem,
506 2532 737 2585 dubitari
780 2533 979 2601 nequit.
1055 2533 1164 2588 Sed
1209 2533 1351 2604 quod
1397 2534 1451 2584 in
1489 2534 1722 2605 priorem
1765 2552 1981 2587 versum

151 2624 269 2677 'non
309 2623 535 2694 quadrat
575 2615 745 2685 ῗὶντως
769 2623 1092 2674 vocabulum
1118 2624 1342 2675 fortasse
1365 2624 1416 2674 in
1444 2623 1611 2675 altero
1635 2643 1786 2676 suum
1809 2625 1982 2676 locum

160 2713 417 2767 inveniet.
492 2713 634 2779 Quid
678 2714 850 2781 enim,
891 2713 932 2764 si
973 2713 1315 2766 scribendum
1369 2731 1485 2766 esse
1527 2713 1717 2766 dixero
1754 2706 1983 2778 ὄντως

159 2804 450 2874 μέγιστοςῗ
506 2804 584 2856 At
637 2796 767 2874 ἀνήρ
821 2804 1140 2856 vocabulum
1199 2805 1340 2873 apud
1396 2804 1816 2875 Aristophanem
1871 2813 1981 2857 tam

162 2912 322 2964 saepe
367 2894 515 2963 quasi
554 2895 787 2947 fulcrum
841 2894 1106 2946 adiectivo
1159 2894 1397 2946 additum
1449 2902 1546 2961 est,
1582 2903 1640 2946 ut
1678 2896 1838 2947 etiam
1877 2895 1980 2947 hoc

160 2985 348 3037 loco⁶a
386 2993 546 3054 poeta
599 2984 777 3054 potius
834 3004 988 3055 quam
1027 3005 1055 3036 a
1094 2985 1314 3036 librario
1370 2984 1636 3036 adiectum
1695 3001 1813 3037 esse
1867 3003 1976 3036 non

160 3075 329 3146 possit
382 3095 488 3128 non
545 3075 734 3128 videri.
810 3075 899 3130 Sic
950 3075 1091 3127 infra
1132 3097 1181 3128 v.
1216 3077 1313 3127 765
1363 3075 1640 3141 βέλτιστος
1677 3070 1806 3145 ἀνὴρ
1849 3077 1975 3144 περὶ

157 3161 254 3217 τὸν
289 3166 472 3234 δῆμον,
513 3184 562 3217 v.
600 3165 699 3215 873
751 3163 912 3231 κρίνω
955 3165 1002 3217 σ’
1056 3161 1200 3216 ὅσων
1249 3154 1419 3235 ἐγῷδα
1474 3166 1597 3232 περὶ
1658 3162 1752 3217 τὰν
1805 3166 1976 3235 δῆμον

158 3244 301 3321 ἄνδρ’
339 3245 558 3322 ἄριστον
579 3292 595 3317 ,
633 3274 683 3307 v.
722 3254 853 3305 1208
887 3246 1017 3321 ἀνὴρ
1054 3246 1287 3319 ἀμείνων
1341 3253 1466 3320 περὶ
1521 3254 1580 3306 σὲ
1634 3253 1719 3306 καὶ
1755 3250 1850 3305 τὸν
1883 3275 1975 3323 γα-

159 3344 337 3412 στέρα,
374 3344 514 3396 Plut.
551 3345 651 3396 209
706 3339 779 3407 (ὃς
820 3341 909 3395 ἐὰν
944 3343 1061 3413 γένῃ
1104 3337 1233 3412 ἀνὴρ
1273 3340 1567 3411 πρόθυμος
1605 3337 1765 3407 αι’-τὸς
1795 3342 1873 3408 εἷς
1905 3341 1966 3399 Tc*
