2267 3845
1131 147 1194 197 12

253 292 437 351 ἀσκεῖν
471 296 610 368 ὗγιές
649 300 703 353 ἐν
740 304 815 370 τῷ
859 304 948 353 νῦν
986 297 1102 354 ἔτι.
1175 301 1309 354 Tam
1348 303 1652 374 praeclaras
1708 305 1966 358 lectiones
2007 305 2074 357 ad

255 388 506 456 eundem,
546 408 649 461 quo
687 409 990 460 perversaS,
1030 394 1235 443 fontem
1275 393 1591 445 referendas
1630 412 1748 446 esse
1786 395 1916 446 mihi
1951 413 2070 465 per-

256 478 483 529 suadere
530 498 637 530 non
690 498 925 549 possum,
964 480 1039 531 ita
1080 489 1136 531 ut
1186 483 1342 533 etiam
1388 483 1564 550 magis
1614 483 1740 534 mihi
1796 486 2075 555 probetur,

254 576 471 638 praeter
497 569 824 621 Ravennatis
861 579 913 621 et-
948 571 1276 622 deteriorum
1314 571 1561 624 codicum
1599 573 1928 644 archetypos
1969 593 2076 627 non

257 677 423 710 unum
462 659 552 710 sed
588 659 721 712 duos
750 660 951 712 Veneti
990 660 1155 713 fuisse
1187 663 1380 727 fontes,
1419 682 1582 714 unum
1624 664 1795 716 infimi
1834 665 2076 734 generiS,

255 750 481 800 alterum
520 749 778 818 optimum
816 759 869 802 et
905 768 974 801 cx
1012 751 1202 803 altiore
1242 759 1295 803 et
1331 753 1550 821 puriore
1589 755 1740 806 fonte
1784 753 2075 806 deductum

256 840 373 910 ipso
409 840 734 892 Ravennam.
795 840 853 892 Si
895 858 1025 893 vero
1066 842 1258 893 mirum
1306 843 1395 895 tibi
1437 843 1668 909 videtur,
1711 864 1876 897 unum
1919 844 2076 897 libra-

257 930 392 981 rium
432 939 683 998 quattuor
737 932 952 984 codices
1005 933 1145 984 inter
1186 951 1241 985 se
1281 933 1675 986 diversissimos
1713 936 2077 1007 usurpavisse,

261 1020 354 1072 tibi
394 1038 606 1072 sumere
641 1021 780 1088 licet,
822 1022 995 1075 fontes
1031 1023 1155 1075 illos
1188 1043 1296 1076 non
1327 1044 1428 1076 una
1454 1025 1693 1095 undique
1730 1026 2076 1092 confluxisse,

259 1110 352 1161 sed
383 1110 538 1162 binos
570 1129 686 1163 sese
715 1113 1135 1179 commiscuisse‚
1172 1114 1253 1165 his
1292 1115 1500 1167 duobus
1530 1115 1832 1187 compilatis
1860 1116 2077 1168 demum

262 1201 538 1253 codicibus
596 1203 814 1254 tertium
870 1204 1140 1255 Venetum
1191 1205 1440 1257 effectum
1497 1224 1632 1258 esse.
1707 1207 1844 1260 Cum
1899 1216 2077 1259 autem

256 1291 322 1342 dc
360 1291 442 1344 his
482 1292 642 1344 rebus
700 1293 835 1344 nihil
892 1295 1110 1347 omnino
1151 1295 1276 1347 sciri
1320 1296 1523 1366 possit,
1561 1305 1798 1366 praestat
1833 1298 2079 1364 fortasse,

256 1382 402 1450 quod
456 1383 911 1453 simplicissimum
952 1387 1082 1437 etsi
1124 1404 1230 1438 non
1283 1386 1349 1437 ad
1406 1387 1841 1457 persuadendum
1889 1385 2077 1440 *tamen

257 1471 324 1524 ad
365 1473 770 1543 percipiendum
813 1476 1146 1546 aptissimum
1208 1495 1327 1529 esse
1364 1477 1593 1545 videtur,
1637 1495 1856 1548 ponere·
1891 1497 2078 1531 omnes

260 1572 513 1634 quattuor
551 1565 726 1617 fontes
759 1586 864 1618 una
907 1567 961 1618 in
1001 1567 1271 1620 Venetum
1312 1568 1610 1621 influxisse.
1669 1569 1780 1620 Iam
1819 1569 1964 1621 enim
2004 1577 2081 1636 tu,

265 1654 355 1724 qui
398 1655 664 1725 patienter
692 1657 890 1726 legisti,
931 1676 1065 1726 quae
1104 1659 1383 1727 hucusque
1410 1659 1776 1727 disseruimuS,
1816 1659 2079 1711 sollertio-

261 1761 375 1796 rem
431 1754 483 1796 te
540 1747 821 1815 praebebis
879 1748 995 1817 ipso
1050 1750 1333 1819 typotheta
1391 1757 1442 1801 et
1494 1768 1579 1802 me
1631 1757 1926 1821 praeeunte
1980 1749 2082 1802 hoc

258 1844 483 1888 stemma
528 1837 622 1889 tibi
662 1838 873 1909 pinges.
948 1839 1031 1891 Ex
1072 1848 1269 1910 puncto
1300 1841 1496 1910 aliqu0‚
1540 1841 1681 1911 quod
1721 1841 1757 1892 d
1789 1840 1968 1892 littera
2003 1840 2080 1893 in·

260 1927 507 1997 signibis,
564 1928 815 1980 deorsum
872 1929 1004 1981 duas
1062 1929 1409 1999 divergentes
1466 1931 1636 1982 lineas
1694 1931 1875 1999 duces,
1912 1932 1986 1984 ita
2022 1941 2081 1984 ut

261 2018 470 2069 laevam
510 2019 810 2071 breviorem
864 2020 1028 2072 facias
1079 2020 1320 2074 dextera.
1397 2021 1487 2074 Ad
1529 2022 1737 2073 laevam
1778 2031 2081 2074 extre-mam

259 2129 300 2159 :c-
337 2109 601 2177 litteram,
657 2110 723 2162 ad
782 2112 1064 2163 dcxtcram
1127 2113 1456 2177 „deteriores
1512 2113 1758 2164 codz'ces“
1817 2113 2084 2165 vocabula

258 2199 541 2269 adpingeS.
618 2202 733 2254 Iam
796 2201 1051 2254 dexterae
1112 2202 1289 2254 lineae
1342 2203 1447 2255 duo
1496 2213 1697 2274 puncta
1745 2204 1992 2274 superius
2038 2222 2080 2270 o,

258 2290 485 2342 inferius
526 2290 554 2342 b
594 2292 771 2343 littera
823 2304 950 2345 nota
1006 2301 1059 2343 et
1096 2311 1162 2345 ex
1204 2303 1435 2363 utroque
1470 2295 1523 2346 in
1563 2295 1832 2346 sinistram
1871 2302 2081 2364 partem

259 2381 496 2450 singulas
536 2381 703 2435 lineas
727 2382 878 2435 duce.
922 2383 1275 2455 Superiorem
1305 2385 1503 2436 lineam
1527 2395 1822 2437 extremam
1847 2385 2083 2452 „Rav.“,

258 2470 571 2524 inferiorem
614 2472 826 2538 ,‚Ven.‘⁴
877 2486 1000 2527 nota
1060 2476 1274 2528 ornabis
1313 2484 1367 2527 et
1404 2494 1470 2527 ex
1508 2476 1601 2529 illa
1656 2476 1833 2527 media
1888 2476 2015 2528 inde
2053 2495 2081 2527 a

262 2569 458 2631 puncto
480 2562 676 2632 aliquo,
716 2564 868 2615 cuius
904 2586 936 2615 α
974 2563 1149 2617 lit-tera
1189 2566 1402 2635 signum
1424 2566 1541 2632 crit,
1581 2567 1777 2618 lineam
1806 2567 1971 2620 duces
2014 2567 2080 2618 ad

266 2651 470 2714 „Ven.“
495 2661 690 2704 notam.
733 2653 819 2703 Ad
861 2654 1085 2706 eandem
1126 2655 1365 2724 singulas
1402 2656 1568 2707 lineas
1608 2656 1771 2707 duces
1809 2677 1837 2707 a
1876 2657 2084 2724 punctis

261 2762 301 2792 a·
323 2751 375 2793 et
395 2742 422 2792 b
443 2742 634 2795 litteris
654 2744 925 2811 insignitis
947 2755 1000 2796 et
1020 2765 1046 2795 a
1071 2764 1211 2797 novo
1235 2746 1414 2814 aliquo
1439 2755 1591 2798 extra
1611 2747 1816 2814 harum,
1837 2767 1967 2818 quas
1989 2748 2082 2800 hu-

261 2851 459 2900 cusque
482 2833 750 2901 duximus,
788 2835 1052 2887 linearum
1075 2837 1207 2888 fines
1228 2836 1479 2906 ponendo
1502 2846 1554 2888 et
1574 2855 1613 2905 y
1634 2837 1811 2889 littera
1832 2828 2082 2891 notando.

427 2924 547 2975 Hoc
589 2933 870 2977 stemmate
909 2927 961 2977 in
1003 2945 1107 2995 quo
1155 2947 1190 2978 x
1228 2927 1406 2979 littera
1456 2928 1702 2997 ignotum
1757 2928 1908 2980 illum
1949 2931 2083 3001 opti·

265 3031 426 3079 mum,
452 3031 490 3082 y
517 3015 893 3083 pravissimum
932 3018 1176 3069 codicem
1213 3019 1579 3087 significatum
1616 3036 1732 3071 esse
1773 3019 1886 3090 ipsc
1922 3019 2080 3073 facile

269 3102 558 3172 intelleges
615 3105 790 3156 statim
832 3115 1060 3161 utamur.
1105 3107 1199 3176 Eq.
1247 3110 1343 3160 163
1383 3109 1663 3161 Ravennas
1717 3110 1938 3162 exhibet
1985 3107 2084 3174 τὰς

261 3192 443 3258 στίχας
493 3191 622 3266 ὁρᾷς
672 3197 835 3248 τῶνδε
880 3200 985 3249 τῶν
1039 3200 1197 3264 λαῶν,
1253 3199 1548 3252 deteriores
1606 3200 1819 3252 codices
1860 3197 1992 3273 ὁρᾷς
2026 3221 2079 3271 γε

268 3284 432 3336 ’τῶνδε
475 3305 516 3336 τ.
555 3286 615 3344 λ.,
655 3286 798 3338 unde
856 3289 1239 3354 conligendum
1280 3300 1389 3357 est,
1426 3290 1529 3341 iam
1565 3290 1620 3342 in
1660 3309 1721 3343 eo
1763 3292 2083 3363 archetypO,

266 3390 423 3440 quem
464 3394 491 3427 c
534 3376 709 3428 littera
769 3378 1163 3447 insignivimus,
1221 3381 1476 3451 scriptum
1519 3381 1681 3433 fuissc
1739 3378 1874 3454 ὁρᾷς
1913 3383 2078 3435 τῶνδε

2229 687 2233 724 --.
2224 420 2232 654 .-ᾼῳ.ψ“
2221 280 2230 411 „aequ—..—
