2267 3845
1032 209 1098 260 21

155 363 482 430 Hanovium‚
516 363 605 434 qui
664 370 768 415 non
807 363 1084 429 dubitavit,
1136 362 1261 430 quin
1300 360 1527 427 κορίανν’
1573 377 1667 429 pro
1701 357 1972 424 bisyllabo

159 462 211 505 et
277 448 735 506 διασαλακώνισον
786 470 881 522 pro
955 451 1404 521 quinquesyllabo
1481 448 1662 500 haberi
1741 454 1976 516 possent,

156 544 338 610 itaque
378 542 469 610 Eq.
505 544 607 594 676
645 538 746 610 ἐγώ
806 541 864 594 δὲ
901 538 967 592 τὰ
1003 539 1231 608 κορίανν’
1295 535 1562 608 ἐπριάμην
1620 532 1976 603 ἑπερὸραμών

160 642 213 684 et
258 633 422 704 Vesp.
461 633 594 684 1169
649 627 749 683 ὡδὶ
816 627 1026 698 προβὰς
1092 625 1362 700 τρυφερόν
1416 650 1466 680 τι
1520 622 1975 680 διασαλακώνισον

158 723 343 794 optimi
383 722 600 792 generis
638 739 824 774 versus
865 730 1056 773 essent.

322 813 430 867 Sed
469 813 584 863 iure
626 812 861 864 editores
896 813 992 863 hos
1030 811 1274 863 homines
1310 810 1495 861 doctos
1534 808 1661 879 ipsis
1693 808 1971 876 imponere

159 921 266 955 non
304 902 445 972 passi
484 911 620 954 sunt.
699 904 782 953 Ac
827 902 1127 972 Vesparum
1166 901 1285 952 loco
1329 899 1428 950 iam
1472 898 1781 950 Dindorfius
1839 895 1971 946 vidit

159 986 622 1045 διασαικώνισον
660 992 821 1043 scribi
854 1009 1027 1062 posse,
1064 991 1315 1061 Equitum
1355 1007 1482 1040 vero
1511 1005 1668 1038 versu
1715 985 1973 1037 dubitabi-

161 1101 294 1149 mus,
351 1090 529 1133 utrum
583 1082 857 1150 vulgatam
916 1090 1193 1132 teneamus
1254 1099 1321 1130 an
1365 1077 1684 1132 Ravennatis
1744 1076 1974 1143 vestigia

157 1171 325 1223 secuti
379 1189 499 1221 cum
538 1170 836 1222 Fritzschio
884 1169 1178 1221 scribamus
1233 1165 1333 1236 ἐγώ
1385 1168 1427 1220 δ’
1480 1161 1745 1233 ἐπριάμην
1781 1161 1846 1215 Υτὰ
1884 1184 1974 1214 κο-

159 1258 320 1329 ρίανν’
367 1255 740 1327 ὑπεκδραμών.
813 1259 1102 1324 Quaeritur
1139 1259 1322 1328 igitur,
1360 1257 1486 1326 quid
1531 1257 1762 1327 primum
1803 1253 1976 1317 Reisi-

159 1352 308 1421 gium
351 1351 717 1416 commoverit,
752 1358 811 1402 ut
852 1351 1125 1417 vulgatam
1159 1350 1504 1416 relinqueret.
1581 1347 1764 1398 Verba
1805 1343 1976 1395 homi-

160 1442 240 1494 nis
278 1441 575 1494 doctissimi
615 1462 666 1512 p.
708 1443 774 1493 59
828 1441 959 1492 haec
1011 1448 1159 1492 sunt:
1202 1439 1377 1507 „quod
1416 1438 1470 1489 in
1509 1438 1748 1505 vulgatis
1792 1452 1979 1486 exem-

160 1531 402 1602 plaribus
441 1532 727 1603 reperitur,
783 1525 1130 1599 ὑποδραμών,
1184 1529 1411 1598 pedibus
1467 1528 1521 1579 in
1571 1528 1715 1579 hunc
1758 1524 1976 1576 modum

159 1621 373 1675 divisis:

369 1707 470 1780 ἐγώ
511 1710 568 1763 δὲ
605 1707 670 1762 τὰ
707 1710 956 1779 κοΙρίανν’
993 1704 1280 1777 ἕπριάὶμην
1317 1702 1646 1773 ὖποὸραμών

164 1801 323 1855 co-ita
342 1801 551 1854 numeri
576 1800 939 1867 debilitantur,
961 1807 1017 1850 ut
1041 1799 1197 1849 etiam
1224 1797 1380 1848 fracti
1405 1797 1658 1865 quiddam
1695 1806 1745 1849 et
1770 1797 1975 1848 incom-

160 1891 320 1962 positi
360 1892 561 1944 habere
602 1890 911 1942 videantur:
961 1898 1014 1941 et
1053 1889 1215 1940 talem
1256 1889 1469 1940 omnino
1509 1907 1724 1940 versum
1764 1887 1971 1938 Aristo-

157 1983 394 2053 phanem
436 2000 673 2050 unquam
712 1981 800 2032 vel
854 1980 1014 2031 etiam
1057 1979 1220 2031 alium
1263 1997 1636 2048 quemcunque
1690 1977 1972 2042 comicum,

159 2072 248 2144 qui
303 2071 371 2123 ad
410 2070 794 2142 Aristophanis
852 2071 1079 2122 nitorem
1141 2067 1460 2134 accederet,
1528 2086 1670 2136 nego
1731 2067 1973 2119 fecissc.“

157 2163 308 2215 Idem
347 2183 399 2235 p.
421 2164 486 2215 :37
516 2163 650 2214 Aeh.
689 2162 752 2214 78
785 2161 1017 2213 lectione
1057 2159 1260 2212 codicis
1283 2159 1326 2210 Β
1363 2155 1488 2221 τοῖς
1526 2159 1758 2211 πλεῖστα
1793 2158 1972 2218 deval-

157 2251 352 2320 μένους
398 2255 725 2323 καταφαγεῖν
779 2249 867 2303 καὶ
918 2254 1068 2302 πιεῖν
1106 2267 1358 2302 numeros
1420 2248 1559 2301 effici
1621 2247 1832 2299 dixerat
1869 2248 1976 2314 „in-

159 2342 354 2410 dignos
396 2340 779 2410 Aristophanis
819 2339 1134 2409 palaestra.“
1192 2339 1276 2390 Ac
1314 2356 1371 2389 re
1408 2356 1535 2389 vera
1566 2337 1837 2389 neminem
1871 2347 1975 2389 tam

157 2431 334 2484 surdis
392 2449 508 2483 esse
564 2438 693 2501 puto
755 2429 990 2495 auribus,
1045 2427 1175 2496 quin
1228 2428 1309 2479 his
1345 2428 1609 2496 ‘numeris
1652 2427 1970 2479 offendatur.

157 2522 277 2592 Ego
330 2520 547 2592 quidem
595 2539 702 2572 non
755 2519 899 2591 potui
944 2520 1069 2570 satis
1111 2517 1308 2583 mirari,
1349 2516 1646 2585 Bergkium
1682 2515 1967 2568 Fritzschii

156 2611 608 2677 emendationem,
637 2631 739 2681 qua
766 2610 1146 2681 pravissimum
1184 2626 1400 2659 versum
1440 2608 1615 2658 subito
1658 2607 1712 2659 in
1752 2609 1970 2677 elegan-

157 2702 418 2754 tissimum
456 2709 838 2753 commutatum
878 2700 1158 2765 videbam,
1197 2717 1304 2750 non
1346 2698 1631 2767 recepisse.
1709 2698 1779 2747 At
1815 2697 1972 2748 etiam

159 2793 329 2862 magis
380 2792 601 2843 miratus
650 2810 783 2857 sum,
824 2791 929 2842 Av.
978 2790 1110 2842 1543
1149 2806 1335 2840 omnes
1389 2788 1622 2840 editores
1661 2788 1826 2840 solius
1870 2788 1972 2837 Ve-

158 2881 267 2934 neti
301 2882 591 2934 lectionem
631 2876 787 2932 rrc'rvv’
831 2877 969 2946 ἔχεις
1005 2880 1136 2930 tanti
1176 2879 1385 2944 fecisse,
1421 2887 1479 2929 ut
1518 2879 1657 2929 hunc
1697 2878 1968 2945 inelegan-

158 2972 417 3024 tissimum
458 2989 701 3024 versum:

491 3061 502 3083 Ἰ

365 3058 491 3131 {ivr

158 3153 402 3224 recipere
439 3152 662 3204 mallent
701 3171 856 3219 quam
912 3147 976 3203 σὺ
1021 3149 1337 3221 pronomine
1381 3149 1624 3218 expulSO,
1674 3156 1974 3198 ceterorum

548 3057 610 3131 ἢν
647 3057 710 3113 σὺ
746 3061 872 3127 παρ’
909 3058 1111 3112 ἐκείνου
1147 3054 1479 3127 παραλάβῃς,
1519 3053 1675 3108 πάντ’
1723 3055 1859 3122 ἔχεις

158 3261 288 3294 vero
330 3242 574 3294 codicum
612 3238 801 3293 ἅπαντ’
843 3249 1055 3293 servato
1092 3258 1303 3291 versum
1350 3238 1698 3308 Aristophani
1741 3236 1970 3287 reddere

160 3331 619 3402 elegantissimum
642 3352 652 3385 ε

369 3418 430 3474 ἕν
464 3423 505 3492 γ’
544 3419 605 3494 ἢν
641 3422 766 3491 παρ’
808 3421 1011 3474 ἐκείνου
1051 3417 1380 3491 παραλάβῃς,
1421 3417 1609 3472 ἅπαντ’
1655 3420 1808 3485 ἔχεις.
