2267 3845
1035 219 1096 270 17

151 400 285 433 rum.
371 379 496 431 Duo
538 392 755 427 monere
795 374 959 438 libet,
1017 371 1206 439 quibus
1244 370 1344 420 hoe
1383 367 1672 419 discrimen
1711 365 1963 418 inlustre-

149 477 265 536 tur;
302 486 485 533 unum,
526 484 584 516 τε
623 495 685 500 -
716 462 803 514 καὶ
841 460 1226 532 particularum
1265 455 1656 509 coniunctionis
1694 455 1747 506 in
1782 455 1963 506 trime-

152 558 248 609 tris
289 553 532 606 iambicis
572 549 860 602 admodum
895 567 1073 599 rarum
1110 564 1227 596 esse
1265 563 1434 608 usum,
1476 544 1528 594 in
1552 542 1744 594 ceteris
1782 542 1964 593 metris

156 645 541 698 creberrimum
570 641 642 706 ¹),
700 640 925 690 alterum
984 638 1036 688 in
1111 634 1548 687 similitudinibus
1607 633 1658 683 in
1714 631 1968 683 trimetris

153 753 415 803 nusquam
471 728 544 794 (ὃς
580 749 678 800 pro
733 724 919 794 ὥσπερ
977 726 1176 777 dictum
1232 724 1319 775 vel
1373 744 1453 785 τις
1510 723 1773 773 adiectum
1836 738 1970 787 esse,

153 834 339 877 contra
379 823 547 891 Vesp.
587 820 689 871 694
729 819 780 870 in
822 824 1134 868 tetrametro
1173 814 1509 883 anapaestico
1554 812 1661 879 legi
1702 805 1972 862 ἐσπουδά-

155 934 316 967 κατον
356 901 484 983 κᾷθ’
529 906 602 972 ὠς
654 907 875 976 πρίονθ’
919 903 947 957 (5
986 904 1083 972 μὲν
1121 903 1258 956 ἕλκει
1307 898 1334 953 ὁ
1371 902 1413 954 δ’
1467 895 1856 962 ἅνιένέὸωκεν,
1899 900 1970 951 ib.

153 1024 200 1055 v.
242 1004 373 1055 1490
429 1002 482 1053 in
536 998 877 1069 anapaestico
920 995 1147 1047 dimetro
1205 987 1430 1061 ,ιιήσσει
1474 971 1737 1058 (βρίῑννιχος
1777 985 1850 1052 εἶ”ς
1892 1009 1972 1050 τις

152 1089 413 1160 ἀλέκτωρ,
455 1110 523 1144 ex
563 1091 752 1161 quibus
795 1088 928 1140 loeis
963 1086 1114 1137 illum
1144 1104 1172 1134 a
1195 1082 1434 1149 Reisigio
1471 1079 1739 1147 (xConieet.
1770 1100 1819 1148 p.
1846 1078 1970 1143 313)

151 1181 370 1252 χῶσπερ
428 1181 713 1234 scribendo
760 1177 1100 1229 emendatum
1161 1190 1276 1225 esse
1331 1171 1486 1222 etiam
1536 1188 1640 1237 ego
1695 1168 1821 1220 olim
1861 1167 1971 1237 opi-

156 1284 308 1328 natus
343 1292 479 1338 sum,
518 1272 685 1322 altero
745 1269 862 1320 loeo
912 1267 1028 1336 ipse
1069 1260 1254 1329 ὥσπερ
1304 1260 1643 1312 scribendum
1698 1256 1973 1328 proposui,

156 1383 380 1436 quorum
419 1371 598 1413 tamen
641 1368 890 1412 neutrum
928 1363 1076 1407 reete
1115 1353 1230 1404 fieri
1271 1347 1510 1418 δεύτεραι
1567 1347 1851 1420 φροντίὸξς
1892 1364 1974 1398 me

156 1456 507 1507 edocuerunt.
551 1450 703 1515 Quae
740 1468 858 1500 cum
903 1447 974 1497 ita
1013 1446 1135 1508 sint,
1177 1461 1241 1494 nc
1277 1462 1370 1509 μοι
1410 1440 1626 1509 quidem
1653 1438 1975 1508 pronomine

160 1562 345 1598 carere
383 1559 692 1613 possumus3
731 1555 833 1608 quo
883 1552 1017 1606 quae
1065 1533 1190 1584 satis
1240 1532 1342 1582 iam
1384 1529 1694 1582 defenditur
1733 1528 1821 1580 καὶ
1860 1547 1973 1599 par—

157 1636 318 1689 ticula
357 1635 515 1686 etiam
556 1649 617 1682 eo
659 1647 777 1681 sese
818 1624 1175 1688 commendat,
1213 1622 1354 1692 quod
1390 1620 1555 1691 ipsius
1589 1638 1708 1671 eum
1745 1619 1977 1670 inter-10

156 1727 341 1795 gativo
383 1721 686 1776 coniunctio
739 1717 977 1770 mirantis
1027 1723 1079 1766 et
1131 1710 1395 1765 increduli
1437 1710 1584 1778 quasi
1635 1709 1852 1779 piopiia
1895 1716 1975 1760 est

164 1819 234 1870 cf.
258 1815 398 1868 Aah.
419 1814 484 1865 86
519 1810 605 1863 καὶ
644 1830 725 1872 τις
762 1802 870 1861 εἶδε
910 1802 1139 1857 πώποτε
1176 1805 1306 1869 βοῦς
1343 1798 1674 1868 κριβανίταςς
1713 1801 1820 1849 τῶν
1856 1790 1983 1849 (ἶλα-

158 1900 511 1974 ζονειμάῑων,
555 1900 769 1969 Eq.128
808 1898 893 1949 καὶ
930 1899 1079 1958 π’(ῦςς
1118 1894 1226 1944 vid.
1259 1892 1445 1945 Matth.
1469 1890 1566 1945 Gr.
1605 1910 1689 1958 gr.
1730 1889 1885 1955 ξ620
1925 1889 1975 1943 d

161 1996 287 2050 Non
328 2012 541 2065 possum
605 1991 769 2059 igitur
825 1988 952 2058 quin
994 1978 1163 2046 ὄντως
1216 1982 1512 2047 vocabulo,
1556 2000 1658 2051 qua
1697 2001 1726 2032 a
1766 1980 1978 2033 Kockio

164 2089 268 2138 iam
307 2085 562 2136 donatum
607 2089 736 2145 erat,
776 2079 1043 2129 civitatem
1082 2073 1404 2126 abiudieem.
1445 2103 1508 2107 —

330 2174 502 2226 Etiam
545 2170 838 2240 largiorem
888 2164 1194 2237 disputandi
1236 2163 1508 2214 materiam
1549 2162 1832 2233 praebebit
1881 2160 1981 2229 Eq.

167 2268 285 2319 676.
357 2263 698 2332 Legebatur:

371 2363 471 2436 ἐγώ
511 2365 569 2418 δὲ
603 2361 669 2416 τὰ
706 2361 935 2430 κορίανν’
984 2355 1250 2428 ἐπριάμην
1286 2354 1634 2425 ὑποδραμὼν,

161 2476 214 2526 in
253 2474 568 2526 Ravennate
605 2486 735 2519 vero
785 2485 904 2518 eum
946 2457 1357 2530 ἑπεκὸραμώ
1374 2482 1400 2512 ν
1442 2462 1707 2529 legerent,
1748 2461 1982 2529 primum

161 2561 519 2632 Reisigius
559 2557 840 2612 Hanovio:

372 2660 473 2734 ἐγώ
512 2663 566 2715 δὲ
606 2659 673 2714 τὰ
713 2661 941 2728 κορίανν’
983 2655 1248 2728 ἐπριάιιιην
1278 2652 1692 2724 ’ὗπερὸραμώη

164 2769 361 2822 deinde
398 2765 840 2819 Fritzsehius
865 2764 910 2832 62)
950 2763 1161 2816 Koekio
1203 2771 1254 2813 et
1294 2759 1604 2814 Meinekio:

326 2967 374 3023 Α1)
408 2962 521 3005 Ran.
559 2964 668 3005 1397
710 2959 1067 3015 Aristophanem
1116 2955 1208 2999 ἀλλ’
1241 2956 1393 3012 ἕτερον
1437 2947 1492 2997 αὖ
1524 2949 1631 3007 ζήτει
1663 2970 1700 2995 τι
1734 2953 1824 2995 τῶν
1855 2957 1989 3008 βαρυ-

167 3038 389 3101 στάθμων
420 3038 499 3094 ὅ,τι
536 3054 603 3083 σοι
640 3042 858 3088 καθέλξει,
914 3033 1130 3094 καρτερόν
1159 3053 1205 3078 τι
1259 3039 1328 3077 καὶ
1362 3038 1482 3091 μέγα
1517 3033 1754 3088 scripsisse
1787 3031 1991 3086 suspicor

168 3137 252 3179 pro
289 3116 512 3178 καρτερόν
541 3134 599 3162 τε
631 3123 705 3161 καὶ.
736 3122 874 3176 μέγα.
949 3117 1073 3159 Nihil
1107 3129 1216 3157 vero
1250 3113 1509 3169 perversius
1542 3125 1640 3154 esse
1670 3114 1825 3166 potest
1857 3124 1992 3164 quam

169 3202 294 3257 quod
325 3200 553 3256 Bergkius
587 3199 702 3240 Ran.
724 3201 808 3239 513
842 3212 926 3252 pro
960 3200 1033 3237 καὶ
1066 3193 1152 3250 γὰρ
1184 3191 1386 3248 αὐλητρίς
1415 3196 1483 3247 γέ
1514 3205 1581 3232 σοι
1620 3186 1703 3243 ἤδη
1738 3190 1862 3232 ’νόον
1892 3189 1992 3231 ἔσθ’

171 3275 413 3338 ὡραιοτάτη
443 3276 780 3335 κώρχηστρίδες
814 3277 954 3332 ἕτεραι
978 3270 1046 3317 δύ’
1085 3292 1105 3325 η
1140 3279 1255 3329 τρεῖς
1288 3274 1533 3324 ‚toi-tasse·
1559 3269 1853 3312 scribendum
1887 3282 1993 3311 con-

169 3362 278 3405 iecit
313 3355 516 3413 αὐλητρίς
546 3361 607 3401 τέ
638 3371 725 3407 σοι,
758 3357 863 3411 quia.
883 3356 968 3398 hoc
999 3368 1107 3396 casu
1127 3353 1309 3401 ,factum
1345 3359 1416 3396 est
1446 3356 1496 3394 ut
1527 3350 1572 3392 in
1588 3350 1763 3393 Veneto
1794 3348 1989 3402 legatur.

332 3441 375 3496 2)
410 3439 467 3481 ad
502 3438 615 3481 Ran.
649 3454 693 3493 p.
730 3441 828 3480 213.

1636 3513 1661 3552 2
