2267 3845
1167 145 1200 198 8

277 299 470 369 xoi‘zw,
511 320 559 352 v.
592 301 724 352 1214
759 293 871 350 ἀλλ’
909 293 1007 365 οὖχ
1031 318 1128 370 pro
1162 292 1273 364 (η’-χ,
1309 318 1357 350 v.
1394 298 1523 350 1239
1560 298 1796 350 ἐναντίον
1831 317 1930 369 pro
1960 298 2094 351 ἔναι’·

275 393 378 455 τία,
430 411 479 443 v.
517 390 649 442 1256
684 389 913 459 γένωμαι
953 408 1051 459 pro
1091 387 1302 455 ἔσομαι,
1346 407 1395 440 v.
1432 387 1561 439 1277
1604 406 1763 451 ουτος
1795 407 1894 460 pro
1922 383 2100 456 αι’-τός,

279 501 329 535 v.
372 483 501 534 1311
537 476 602 532 ὒν
639 499 736 551 pro
776 472 853 549 ἤν,
899 498 946 531 V.
992 480 1125 530 1339
1161 467 1224 547 ἦν
1266 496 1361 548 pro
1398 467 1445 547 ἦ.

447 573 536 624 Ab
576 571 661 622 his
704 570 951 622 omnibus
991 570 1135 620 vitiis
1174 570 1457 622 Ravennas
1505 569 1643 621 liber
1680 576 1781 620 est.
1853 568 1932 623 Ut
1970 586 2101 622 vero
2155 625 2158 628 ,

280 663 323 715 si
361 662 494 714 duos
535 653 728 712 fratres
755 678 922 712 unum
954 660 1127 711 bonos
1165 659 1331 730 patris
1370 676 1547 710 mores
1581 660 1944 723 referentem,
1973 657 2100 709 alte-

282 771 401 805 rum
445 752 690 803 omnibus
731 744 873 801 vitiis
907 749 1185 801 adfectum
1224 748 1441 814 videris,
1485 748 1624 799 hunc
1661 767 1690 799 a
1728 747 1877 799 falsis
1917 747 2100 798 amicis

280 840 642 911 suspicaberis
678 839 1032 892 abalienatum
1070 856 1186 890 essc
1227 859 1256 890 a
1296 838 1461 908 patris
1500 837 1801 907 disciplina,
1837 836 2100 889 itaVcne÷

281 940 392 983 tum
431 930 668 982 conicies
720 930 774 980 in
814 931 912 981 hac
949 929 1131 980 fabula
1169 930 1234 980 ab
1273 928 1375 979 alio
1411 928 1589 997 potius
1630 927 1822 979 codice
1862 926 2103 997 pcndcrc

284 1040 442 1089 quam
501 1022 565 1072 ab
605 1019 934 1071 Ravennatis
975 1020 1286 1089 archetypo.
1362 1019 1515 1084 Quae
1560 1018 1868 1070 coniectura
1908 1035 2008 1088 per
2045 1034 2104 1068 se

280 1110 521 1178 quamvis
542 1110 837 1181 probabilis
861 1110 1005 1161 omni
1032 1118 1208 1160 tamen
1239 1107 1345 1159 fide
1373 1115 1596 1176 careret,
1632 1107 1676 1160 si
1712 1107 1893 1160 nullus
1930 1107 2105 1160 codex

283 1208 517 1268 extaret,
572 1201 660 1269 qui
707 1200 910 1252 eisdem
966 1200 1109 1251 vitiis
1167 1200 1453 1251 laboraret.
1529 1200 1606 1252 At
1645 1217 1830 1252 omnes
1888 1207 2109 1269 practer

287 1292 686 1356 Ravennatem,
725 1292 1181 1361 quibusquidcm
1222 1291 1538 1343 Dindorfius
1577 1309 1705 1343 usus
1745 1298 1852 1357 est,
1891 1289 2106 1342 codices

290 1383 521 1446 easdem,
559 1401 689 1452 quas
725 1391 996 1450 tamquam
1031 1382 1230 1433 Veneti
1269 1381 1432 1433 solius
1473 1381 1763 1433 adtulimus
1821 1381 1984 1433 falsas
2038 1381 2107 1433 lc·

285 1472 494 1525 ctiones
533 1473 807 1525 exhibent.
883 1473 1029 1540 Quid
1073 1472 1239 1542 igitur
1291 1472 1490 1523 certius
1541 1490 1659 1524 esse
1702 1480 1909 1542 potest,
1949 1490 2107 1540 quam

287 1564 372 1615 his
413 1564 544 1617 locis
584 1563 856 1616 Venetum
898 1583 1005 1615 non
1047 1582 1116 1614 ex
1155 1563 1482 1616 Ravennatis
1524 1563 1617 1615 sed
1666 1581 1736 1615 ex
1776 1563 2107 1615 deteriorum

288 1655 536 1706 codicum
576 1655 872 1724 archetypo
911 1654 1171 1706 fluxisse?
1211 1654 1435 1708 Scilicet
1467 1662 1632 1705 totam
1657 1653 1853 1705 Veneti
1880 1653 2109 1725 Equites

289 1745 357 1797 ad
397 1745 724 1797 deteriorum
763 1744 1013 1796 codicum
1055 1745 1408 1814 archetypum
1448 1743 1792 1796 referendam
1825 1762 1962 1807 esse,
2000 1762 2109 1796 non

291 1836 463 1888 solum
488 1853 557 1887 ex
588 1836 689 1887 hoc
719 1854 980 1887 consensu
1012 1853 1121 1887 non
1148 1835 1518 1904 consequitur,
1553 1851 1740 1886 verum
1779 1835 1938 1886 etiam
1967 1835 2110 1902 inde,

296 1926 439 1997 quod
481 1911 727 1978 Venetus
781 1945 888 1978 uno
947 1927 1064 1978 loco
1121 1946 1166 1977 V.
1213 1928 1308 1977 157
1355 1926 1682 1977 deteriorum
1739 1924 1983 1977 codicum
2033 1927 2106 1977 le-

288 2016 525 2068 ctionem
567 2007 689 2068 οἷον
727 2027 997 2088 receptam
1021 2058 1033 2082 Ι.
1074 2018 1402 2070 Ravennatis
1438 2034 1567 2067 vero
1621 2012 1751 2067 ὅσον
1800 2025 1859 2067 ut
1909 2016 2107 2067 variam

288 2107 573 2158 lectionem
633 2107 957 2178 adscriptam
1015 2109 1255 2175 exhibet,
1319 2118 1372 2160 et
1426 2127 1495 2160 ex
1556 2108 1820 2177 duplicis,
1876 2106 1943 2158 de
2000 2124 2109 2176 quo

288 2214 452 2266 supra
494 2197 763 2263 diximus,
801 2197 912 2248 vitii
967 2199 1345 2250 communione
1389 2207 1467 2250 sat
1522 2208 1666 2250 certo
1709 2197 1907 2268 conligi
1948 2214 2109 2268 posse

289 2295 437 2358 puto,
479 2287 639 2339 etiam
681 2288 1004 2341 Ravennatis
1049 2289 1332 2359 archetypi
1375 2290 1608 2357 aliquam
1650 2298 1855 2358 partem
1899 2288 1956 2341 in
1994 2287 2111 2340 Ve-

287 2377 398 2428 neti
439 2377 665 2446 Equites
707 2377 995 2430 transiisse.

453 2468 546 2520 Ad
584 2466 833 2520 Nubes
874 2486 1060 2538 pergo.
1128 2468 1311 2521 Facile
1364 2470 1616 2537 conicieS,
1671 2471 1727 2522 in
1782 2470 1882 2521 hac
1931 2470 2112 2522 fabula

289 2558 411 2625 quia
457 2558 751 2610 certissima
800 2560 1125 2612 Ravennatis
1171 2570 1222 2611 ct
1262 2561 1457 2612 Veneti
1501 2561 1840 2629 cognationis
1879 2561 2110 2630 vestigia

288 2647 647 2716 repperimuS,
694 2649 838 2700 hunc
888 2650 973 2700 vel
1033 2651 1289 2701 nihilve!
1352 2669 1618 2721 perpauca
1678 2670 1742 2703 ex
1798 2661 2109 2707 ceterorum

287 2737 534 2790 codicum
571 2739 870 2810 archetypo
911 2740 1169 2792 hausisse.
1222 2743 1401 2809 Atque
1438 2743 1518 2805 ‚ita
1556 2752 1651 2794 cst.
1709 2743 1862 2794 Duos
1902 2751 2108 2794 tantum

286 2827 434 2879 locos
473 2828 742 2897 indagavi,
789 2830 876 2881 ubi
918 2849 1039 2881 cum
1083 2831 1280 2882 maiore
1331 2831 1526 2883 fiducia
1566 2831 1747 2883 dicere
1788 2833 1961 2901 possis
1998 2833 2106 2884 Ve-

284 2926 470 2968 netum
505 2919 569 2970 ab
613 2919 712 2970 hoc
750 2921 1048 2991 archetypo
1076 2921 1329 2992 pendere,
1354 2941 1400 2973 V.
1431 2923 1533 2974 650
1559 2933 1610 2973 et
1635 2941 1683 2973 v.
1722 2923 1871 2975 1233.
1914 2923 2112 2976 Priore

288 3007 429 3059 enim
479 3008 598 3060 loco
650 3028 788 3061 unus
827 3011 1108 3063 Ravennas
1151 3010 1402 3064 ἐπαΐονθ’
1443 3030 1624 3063 veram
1664 3013 1950 3065 lectionem
1999 3032 2113 3066 scr·

288 3097 450 3163 vavit,
505 3116 639 3164 quac
680 3099 735 3150 in
775 3101 1020 3153 omnibus
1063 3102 1178 3153 aliis
1223 3103 1499 3155 codicibus
1538 3103 1590 3153 in
1631 3096 1725 3154 εἶτ’
1768 3102 1977 3156 ἐπαΐειν
2013 3105 2111 3156 dc·-

289 3196 509 3255 pravata
551 3198 654 3253 est;
710 3190 877 3241 altero
923 3191 1038 3242 loco
1096 3193 1146 3243 in
1189 3194 1375 3244 codem
1424 3194 1877 3263 praestantissimo
1917 3195 2104 3246 codice.

290 3273 484 3336 ποίους
536 3273 732 3339 &eoru-,-
793 3290 1129 3331 monometcr
1171 3281 1407 3332 nondum
1445 3282 1512 3332 ἵν’
1552 3277 1615 3332 ἷῖν
1651 3279 1886 3334 κελεύσω
1925 3278 2020 3352 ’γώ
2049 3303 2111 3336 σε

288 3363 491 3428 verbis,
528 3385 661 3433 quac
706 3367 760 3418 in
803 3370 998 3420 ceteris
1040 3372 1331 3439 praemissa
1369 3382 1509 3437 suut,
1545 3384 1793 3424 oneratus
1833 3384 1926 3426 est.
1967 3375 2105 3427 Nam
