2267 3845
235 1230 312 1284 II.

230 1502 338 1555 III.

229 1593 363 1645 IIII.

231 1772 299 1825 V.

224 2223 327 2278 VI.

225 2496 354 2550 VII.

227 2767 382 2819 VIII.

226 3217 425 3272 VIIII.
444 3235 446 3237 ·

705 797 1071 867 Sententiae
1125 805 1589 867 controversae.

502 1048 632 1102 Cic.
677 1068 754 1119 pr.
797 1049 932 1103 Sull.
973 1049 1071 1115 XI,
1112 1050 1178 1101 33
1235 1049 1576 1100 scribendum
1636 1057 1748 1101 cst:
1813 1049 2048 1119 quinque

503 1138 810 1191 hominibus
851 1140 1255 1210 comprehensis
1295 1149 1453 1207 atque
1493 1138 1872 1191 confectis.

514 1229 598 1282 Ex
653 1229 1089 1281 Dicaearchi
1139 1230 1298 1282 Vitae
1358 1229 1619 1282 Graeciae
1679 1230 1817 1281 libro
1879 1230 2047 1281 altero

511 1319 967 1375 Sesonchosidem
1020 1321 1300 1391 expellere
1339 1320 1565 1373 Carolus
1605 1319 1903 1373 Muellerus
1940 1318 2048 1370 fru-

500 1418 609 1463 stra
647 1419 870 1462 conatus
915 1419 1008 1462 cst.

509 1500 653 1554 Med.
683 1500 783 1552 267
822 1499 1214 1570 Euripides
1257 1499 1470 1570 scripsit
1506 1494 1736 1566 δράσω
1776 1495 1908 1552 τάδ’.

506 1591 666 1644 Hor.
705 1590 879 1643 Carm.
909 1591 950 1656 I,
990 1590 1213 1658 7,1—14
1251 1607 1386 1658 quac
1427 1591 1683 1659 leguntur
1720 1592 1784 1644 ab
1819 1591 2047 1644 Horatio

506 1682 680 1734 aliena
713 1690 850 1734 sunt.

513 1772 677 1843 Apud
716 1772 1015 1824 Luciani
1076 1772 1312 1824 editores
1367 1772 1541 1824 codex
1583 1771 1857 1825 Parisinus
1911 1770 2049 1824 2954

508 1863 632 1930 (M),
660 1863 748 1930 qui
789 1881 1112 1930 quamquam
1153 1863 1364 1914 saeculo
1387 1861 1542 1913 XIII.
1583 1869 1833 1913 exaratus
1871 1870 2048 1912 tamen

516 1952 672 2004 etiam
720 1952 1161 2006 Vindobonensis
1217 1951 1414 2005 Philos.
1464 1952 1659 2004 Philol.
1703 1952 1799 2004 123
1842 1950 1938 2018 (B)
1977 1949 2046 2001 X·

511 2043 708 2096 saeculi
757 2043 957 2096 codicis
1013 2044 1264 2096 virtutem
1320 2062 1481 2115 saepe
1521 2051 1769 2114 superat,
1809 2041 2050 2095 nondum

509 2152 571 2186 ea
609 2152 712 2202 qua
751 2134 944 2202 dignus
987 2142 1066 2186 est
1102 2134 1420 2186 auctoritate
1460 2133 1669 2185 fruitur.

516 2222 761 2278 Ovidii
802 2225 1056 2277 Tristium
1098 2225 1256 2296 primi
1311 2225 1432 2277 libri
1482 2224 1656 2295 elegia
1696 2241 1830 2295 quae
1877 2225 2049 2275 fertur

509 2317 694 2385 quinta
733 2336 801 2369 ex
856 2318 1062 2370 duabus
1113 2316 1342 2387 integris
1392 2316 1582 2386 elegiis
1633 2316 1772 2367 forte
1831 2304 2047 2367 fortuna

501 2407 803 2459 coniunctis
843 2407 1104 2459 consistit.

505 2498 679 2549 Plat.
703 2498 838 2568 Rep.
863 2497 1019 2549 VIII.
1052 2518 1100 2568 q.
1123 2497 1222 2549 559
1258 2496 1304 2549 B
1344 2496 1638 2566 legendum
1677 2502 1758 2548 est
1791 2491 1822 2564 ἡ
1861 2493 1958 2562 μέν
1991 2493 2048 2562 γε’

500 2607 611 2640 που
650 2590 747 2640 τοῦ
783 2587 934 2640 σίτοι
973 2589 1084 2639 κατ’
1127 2582 1410 2659 ἀμφότερα
1450 2579 1705 2656 αναγκαία
1742 2573 1775 2657 ᾗ
1803 2605 1861 2638 τε
1903 2577 2048 2658 ω’φέ-

500 2678 656 2746 2ιμος
692 2666 725 2751 ᾗ
764 2698 821 2730 τε
862 2681 1067 2732 παῦσαι
1102 2699 1172 2731 ov
1212 2674 1424 2748 ὁῑιατή.

511 2769 560 2820 Α
601 2768 916 2821 comitiis
969 2769 1264 2821 tributis
1324 2768 1533 2839 patricii
1594 2768 1719 2837 lege
1773 2785 2044 2835 nunquam

499 2859 701 2912 exclusi
744 2861 989 2927 fuerunt3
1049 2861 1144 2912 sed
1188 2879 1306 2912 cum
1363 2859 1807 2930 quotiescumque
1844 2858 2045 2911 tribuni

501 2950 673 3002 tribus
716 2951 1120 3017 convocabant,
1161 2950 1372 3020 patricii
1411 2950 1562 3020 sequi
1601 2949 2045 3018 dedignarentur,

505 3058 641 3108 quae
682 3040 854 3092 omnis
878 3040 1064 3110 populi
1105 3059 1222 3092 esse
1258 3040 1527 3093 debebant
1555 3039 1787 3107 comitia,
1815 3039 2046 3092 concilia

505 3130 646 3182 facta
683 3127 1012 3200 sunt'plebis
1051 3131 1284 3201 propria.

508 3219 704 3273 Errant
743 3221 832 3290 qui
859 3219 1119 3275 Germani
1155 3221 1358 3274 malunt
1396 3240 1554 3290 quam
1581 3220 1806 3276 Borussi
1845 3219 2043 3274 vocari.

952 3389 1278 3405 ‘VQNWW
