2267 3845
1138 153 1208 204 24

273 316 553 388 spondeat,
592 331 710 364 eum
751 311 976 361 statim
1024 308 1074 358 in
1113 306 1364 357 iudicium
1399 311 1649 353 vocatum
1678 298 1760 350 iri.
1797 297 1916 350 Nee
1945 293 2088 363 quie—

275 425 427 475 quam
470 404 589 456 huic
638 402 978 453 coniecturae
1024 398 1240 449 obicere
1285 404 1440 465 potes
1481 392 1579 444 nisi
1622 389 1765 459 quod
1802 389 1942 440 iusto
1977 387 2087 437 vio-

274 494 470 547 lentior
509 494 592 544 sit.
653 490 794 557 Quid
838 507 984 554 vere,
1023 488 1065 540 si
1108 485 1250 557 quod
1277 484 1544 537 -Riehtero
1581 478 1876 531 delendum
1915 477 2086 529 visum

273 593 351 636 est
390 578 489 651 ἐγώ
526 598 821 652 pronomen
860 596 927 629 ex
967 578 1070 629 hoe
1111 575 1328 646 quidem
1357 591 1518 625 versu
1556 567 1946 640 expellendum
1972 581 2089 618 esse

273 689 608 737 concessere,
647 670 836 721 eodem
875 686 1004 719 vero
1057 684 1210 732 eum,
1246 665 1334 734 qui
1375 662 1622 733 proxime
1661 657 1952 723 antecedit,
1994 675 2092 718 exss

271 761 523 834 plendum
567 769 620 811 et
656 759 730 810 sie
765 757 1111 809 scribendum
1154 773 1271 807 esse
1309 753 1529 806 dixero:

476 847 690 911 τούτοις
727 844 894 914 ξυνών
932 844 999 897 τὰ
1038 842 1204 898 σκόλι’
1250 840 1404 906 ὅπως
1443 842 1582 910 δέξει
1612 842 1814 903 καλῶς.
1880 858 1882 861 ·

482 941 639 990 ΦΙΛ.
679 930 913 1006 ἕὲληθεςς
953 933 1027 999 (ὃς
1065 928 1243 998 οὐδείς
1277 954 1333 1003 γε
1374 931 1645 1001 Διακρίων
1685 925 1841 999 ἐγώ.

485 1033 595 1082 ΒΔ.
632 1024 742 1093 τάχ’
787 1023 1026 1093 εἴσομαι·
1067 1026 1152 1078 καὶ
1193 1022 1254 1095 δὴ
1293 1022 1390 1094 γὰρ
1428 1020 1532 1091 εἴμ’
1573 1018 1674 1092 ἐγώ
1715 1019 1921 1074 Κλέων.

398 1146 402 1148 ’
440 1117 801 1170 Emendatum
858 1133 975 1167 esse
1029 1115 1237 1167 confido
1277 1115 1419 1166 hune
1460 1114 1662 1176 locum,
1702 1128 1859 1179 quem
1902 1109 2096 1180 quibus

276 1207 606 1259 coniecturis
660 1205 904 1256 homines
960 1204 1101 1255 docti
1156 1209 1506 1263 vexaverunt,
1566 1219 1656 1253 eas
1709 1216 1960 1252 enarrare
2010 1214 2098 1249 me

274 1295 627 1365 supersedere
665 1311 823 1362 posse
862 1292 1063 1362 putavi,
1102 1291 1370 1358 simulque
1408 1309 1438 1339 a
1473 1288 1697 1341 metrica
1733 1288 1826 1339 illa
1863 1287 2094 1339 difficul-

276 1394 383 1437 tate
422 1385 721 1436 liberatum.

443 1474 673 1526 Brevius
738 1472 1012 1541 disputare
1079 1471 1208 1522 lieet
1263 1470 1330 1522 de
1374 1470 1506 1523 Ran.
1560 1470 1654 1534 573
1714 1468 1888 1521 omnis
1952 1467 2098 1519 enim

282 1566 436 1618 huius
491 1582 675 1615 versus
738 1562 1055 1613 deformitas
1105 1579 1211 1612 non
1261 1559 1615 1630 Aristophani
1668 1558 1764 1611 sed
1819 1557 2098 1610 Meinekio

286 1654 414 1706 vitio
454 1653 626 1705 danda
669 1661 765 1720 est,
806 1652 893 1721 qui
933 1661 1056 1704 ante
1100 1651 1417 1705 Κλεισθένει
1458 1651 1546 1721 qui
1588 1649 1817 1702 traditur
1854 1651 1931 1719 τῷ
1970 1648 2099 1700 arti-

286 1746 463 1797 culum
506 1744 618 1795 sine
660 1744 796 1795 iusta
832 1762 988 1794 eausa
1028 1742 1202 1794 eiecit.
1262 1744 1378 1795 Imo
1419 1741 1678 1792 articulus
1702 1758 1874 1810 paene
1915 1757 2092 1790 neees-

283 1836 451 1888 sarius
492 1843 586 1902 est,
623 1835 745 1904 quia
784 1833 1105 1898 Clisthenes,
1145 1834 1294 1884 cuius
1335 1833 1599 1885 Hercules
1636 1831 1725 1883 hie
1766 1831 2094 1883 mentionem

283 1926 449 1991 inicit,
492 1925 632 1976 idem
689 1913 778 1976 est
804 1933 961 1992 atque
1017 1925 1076 1990 is,
1129 1944 1245 1975 cum
1287 1944 1389 1994 quo
1431 1924 1772 1990 Dionysum,
1811 1941 1933 1973 cum
1972 1921 2101 1974 ἐπε-

281 2013 507 2082 saitem·
548 2014 866 2068 Κλεισθένει
932 2016 1174 2082 dixisset,
1230 2015 1371 2067 idem
1426 2014 1696 2066 Hercules
1736 2034 1784 2066 v,
1825 2014 1894 2066 49
1932 2013 2100 2082 suspi-

280 2116 423 2158 catus
464 2115 575 2158 erat
627 2123 739 2156 rem
779 2106 1058 2170 habuisse,
1100 2106 1199 2158 hoe
1238 2107 1412 2176 ipsum
1453 2123 1598 2167 vero,
1638 2123 1694 2156 se
1733 2104 1799 2156 ad
1839 2104 1892 2156 id
1932 2104 2099 2173 respi-

280 2215 422 2262 cere,
463 2195 603 2263 quod
651 2203 805 2246 antea
850 2195 1124 2262 Dionysus
1180 2195 1513 2264 prodiderat,
1567 2214 1675 2247 non
1716 2204 1928 2264 poterat
1963 2195 2100 2247 Her-

280 2286 430 2338 cules
469 2303 667 2354 graece
703 2285 1000 2355 simplicius
1050 2304 1206 2355 quam
1256 2285 1484 2336 articulo
1532 2283 1854 2337 Κλεισθένει
1897 2284 2100 2336 nomini

280 2377 587 2447 praeposito
648 2375 976 2443 significare.
1053 2375 1211 2441 Quod
1257 2384 1433 2426 autem
1493 2394 1637 2427 nune
1685 2368 1968 2427 ἀπαπαῖ
2002 2393 2100 2444 pro

279 2459 550 2517 (ἷῑιίιαπαῖ
585 2465 928 2517 scribendum
962 2475 1041 2516 cst
1080 2475 1240 2534 atque
1275 2466 1369 2516 liae
1409 2465 1782 2516 interiectione
1806 2464 1972 2534 Vesp.
1999 2465 2104 2518 309

286 2556 464 2608 maesti
505 2574 660 2606 senes
717 2563 956 2620 utuntur,
998 2575 1119 2606 euni
1165 2557 1263 2606 lioc
1311 2557 1427 2606 loco
1470 2555 1751 2624 Dionysus
1790 2573 1915 2620 non,
1957 2555 2100 2622 quod

282 2646 528 2697 Koekius
566 2647 750 2711 voluit,
803 2655 970 2714 neget
1025 2645 1118 2698 sed
1163 2647 1284 2712 aiat,
1333 2646 1463 2696 haee
1504 2663 1590 2696 res
1633 2664 1702 2697 ne
1746 2645 1837 2697 tibi
1879 2663 2098 2715 serupu-

282 2736 388 2785 lum
426 2735 622 2800 iniciat,
661 2735 846 2786 harum
882 2735 1317 2788 interiet-tionum
1361 2735 1768 2803 significationis
1808 2734 2100 2787 admodum

283 2825 588 2877 fluctuantis
630 2827 940 2896 exemplum
982 2826 1156 2877 obiter
1198 2826 1453 2877 adferam.

446 2915 743 2968 Scholiasta
785 2915 1026 2968 Venetus
1067 2916 1133 2966 ad
1173 2915 1296 2966 Pae.
1344 2916 1439 2966 180
1480 2916 1610 2967 haec
1652 2915 1898 2967 adnotat:
1935 2915 2101 2985 διπλῆ

282 3003 365 3055 καὶ
408 2999 651 3066 εἷ’σθεσις
698 3002 774 3066 εἰς
825 3001 1052 3071 ἰάμβους
1103 3001 1229 3072 ρκξ,
1281 2992 1355 3056 ὦν
1397 3001 1456 3057 τὸ
1510 3006 1818 3058 τελευταῖον
1855 3005 1975 3072 »καὶ
2015 3026 2104 3075 νη-

282 3089 502 3155 σιώτας·
553 3094 691 3160 δεῦρ’
731 3089 796 3144 ἴτ’
839 3084 881 3145 οἶ
919 3091 1116 3158 πάντες
1149 3092 1305 3148 λ.εώ.“
1346 3095 1429 3147 ἐπ’
1469 3095 1629 3159 ἐνίοις
1665 3096 1722 3149 δὲ
1755 3089 2103 3167 ἀντιγράφοις
2143 3120 2157 3123 -

1797 3188 1820 3211 “
1863 3186 1949 3238 καὶ
1982 3186 2097 3254 μετ’

283 3178 417 3246 μετὰ
466 3183 680 3247 στίχοις
732 3180 806 3234 να’
868 3184 977 3235 ἐσιὶ
1021 3182 1285 3253 κωλάριον
1328 3183 1448 3238 τόδε
1506 3186 1589 3253 „vl
1625 3206 1789 3257 φῃσις

285 3263 477 3334 ἄλλοις
525 3269 600 3342 λι]
649 3269 768 3326 τόδε
813 3272 896 3343 ,ἰή
939 3272 1039 3346 ἱή.“
1102 3279 1294 3329 Parum
1338 3285 1484 3330 reete
1525 3278 1852 3331 Duebnerus
1909 3278 2097 3331 eodem

288 3380 389 3428 quo
430 3363 742 3416 Dindorfius
800 3367 1123 3418 constrictus
1162 3385 1345 3419 errore
1404 3368 1581 3420 verbis
1631 3368 1745 3434 μετ’
1788 3360 1982 3431 ἄλλους
2020 3363 2097 3438 λη’
