2267 3845
1083 218 1148 269 37

211 365 479 419 diversam
519 385 634 419 esse
676 368 937 420 rationem
978 386 1135 420 nemo
1195 387 1303 420 non
1358 369 1644 438 intellegit.
1716 369 1826 424 Sed
1886 370 2018 422 hacc

212 456 518 508 emendatio
559 477 668 510 non
705 459 878 509 solum
925 476 1030 509 non
1070 459 1373 511 necessaria
1412 477 1527 510 csse
1564 459 1795 526 videtur,
1831 477 2017 511 verum

208 543 366 595 etiam
397 555 580 615 aperte
606 547 738 598 falsa
761 556 857 598 cst.
900 548 1102 600 Eadem
1143 549 1284 600 enim
1307 547 1542 600 omnium
1573 548 1877 616 quicunque
1914 548 2020 598 huc

205 635 479 706 pertinent
500 637 738 688 locorum
762 639 1068 707 congeries,
1095 640 1148 689 in
1172 659 1273 709 qua
1294 639 1553 705 nituntur,
1591 655 1723 705 quae
1749 657 1910 708 supra
1950 637 2019 688 de

208 720 394 793 ὥσπερ
433 726 728 796 particulae
767 746 865 779 usu
917 728 1320 798 disputavimus,
1360 730 1514 780 etiam
1557 729 1657 779 hoc
1698 746 1782 779 me
1823 727 2019 793 docuit,

208 814 632 886 Aristophanem
688 818 1020 870 substantivo
1060 838 1178 870 cum
1219 814 1405 885 ὥσπερ
1459 818 1742 869 coniuncto
1785 809 1859 867 ‹Uv
1897 835 2020 887 par-

205 905 449 975 ticipium
499 906 797 975 adiungere
848 909 1115 976 noluisse,
1154 909 1249 960 scd
1302 905 1488 974 ὥσπερ
1546 926 1666 959 cum
1716 906 1861 957 nudo
1915 925 2019 956 ma-

204 994 366 1046 luisse
403 995 732 1064 coniungere
770 998 1125 1050 substantivo.
1167 997 1279 1051 Sed
1301 1007 1358 1050 ut
1394 998 1517 1049 huic
1558 997 1893 1049 coniecturae
1931 995 2022 1047 lex

205 1103 362 1154 quam
406 1085 520 1155 ipsc
563 1094 718 1156 poeta
773 1087 872 1139 sibi
912 1089 1154 1159 scripsit,
1197 1090 1269 1140 ita
1309 1088 1595 1153 Meinekii‚
1637 1107 1666 1138 a
1703 1106 1805 1154 qua
1843 1084 2021 1136 exorsi

206 1193 416 1240 sumuS,
480 1175 582 1226 alia
640 1176 729 1227 lex
795 1178 1002 1245 obstat,
1080 1199 1233 1249 quam
1287 1188 1379 1244 tu,
1436 1178 1477 1229 si
1554 1177 1606 1228 in
1651 1175 2017 1245 Aristophane

207 1264 449 1317 criticum
507 1283 671 1334 agere
711 1267 974 1333 volucris,
1011 1268 1150 1320 bene
1188 1287 1316 1337 ages
1358 1268 1399 1318 si
1439 1267 1635 1334 ubique
1691 1265 2016 1317 observabis.

206 1354 345 1409 Cum
406 1356 545 1407 enim
605 1356 661 1407 in
720 1356 1096 1427 Aristophanis
1165 1357 1380 1410 dicendi
1445 1377 1543 1409 usu
1621 1355 1726 1407 dici
1789 1362 2019 1422 nequeat

209 1453 406 1515 quanta
449 1445 516 1497 sit
556 1448 868 1513 constantia,
907 1467 1017 1500 non
1070 1448 1240 1500 solum
1278 1448 1571 1499 cavendum
1618 1454 1715 1513 est,
1753 1464 1836 1511 nc,
1877 1444 2018 1512 quod

208 1534 274 1586 ab
317 1554 415 1586 usu
459 1544 649 1607 poetae
705 1537 1004 1605 abhorreat,
1039 1538 1126 1589 vel
1164 1557 1193 1589 a
1232 1537 1505 1590 codicibus
1540 1536 1794 1588 traditum
1841 1543 2020 1586 tenca-

210 1642 327 1677 mus
377 1626 464 1677 vel
522 1626 665 1678 ultro
723 1627 1064 1697 recipiamus,
1126 1646 1309 1680 verum
1372 1627 1558 1694 etiam,
1614 1644 1710 1694 ne,
1771 1625 1911 1696 quod
1972 1623 2021 1675 ci

212 1716 438 1785 egregie
481 1717 787 1784 conveniat,
843 1717 948 1769 levi
999 1718 1174 1769 animo
1225 1735 1612 1769 removeamus.
1689 1715 1855 1783 Atqui
1893 1707 2021 1780 ἁνήρ

210 1804 462 1856 vocabuli
516 1824 635 1858 cum
672 1805 841 1874 γέρων
879 1806 1181 1858 coniunctio
1219 1805 1362 1876 apud
1399 1804 1817 1871 Aristophanem
1858 1804 2024 1854 usita-

205 1894 409 1946 tissima
451 1905 556 1962 est,
601 1896 708 1949 vid.
746 1890 876 1967 ἀνὴρ
912 1896 1080 1966 γέρων
1116 1897 1248 1949 Ran.
1289 1895 1401 1947 139.
1442 1894 1583 1946 Plut.
1616 1894 1730 1956 658,
1776 1893 2024 1962 γέροντας

205 1979 400 2055 ἄνδρας
435 1988 577 2041 Aah.
604 1988 720 2051 679,
756 1986 1000 2057 γέροντες
1034 1979 1225 2056 ἄνδρες
1250 1985 1387 2038 Plut.
1417 1985 1534 2050 628,
1571 1983 1739 2052 γέρων
1775 1976 1906 2053 εἷνήρ
1949 1983 2020 2035 ib.

208 2077 354 2130 1066.
425 2076 574 2148 Ergo
624 2077 875 2146 γέροντας
931 2069 1126 2145 ἄνδρας
1173 2077 1461 2128 tuebimur.
1548 2073 2019 2143 Circumspicienti

204 2184 336 2219 vero
391 2186 494 2237 quo
549 2168 651 2220 alio
703 2167 965 2220 vocabulo
1023 2175 1240 2218 extruso
1298 2157 1453 2228 ὄντας
1507 2166 1562 2217 in
1612 2164 1753 2215 hunc
1805 2181 2018 2215 versum

203 2258 392 2311 reduci
429 2259 620 2328 possit,
657 2277 748 2310 sua
790 2266 981 2328 sponte
1019 2256 1164 2311 ἐστιν
1203 2255 1466 2322 occurrit,
1513 2254 1651 2326 quod
1692 2254 1837 2324 apud
1874 2249 2018 2316 εἰκός

204 2348 322 2401 fere
357 2348 636 2415 omittitur,
677 2356 731 2400 et
763 2349 866 2400 hoc
900 2349 1022 2400 loco
1054 2348 1110 2399 in
1146 2347 1459 2400 Ravennate
1492 2345 1692 2398 frustra
1727 2344 2016 2415 quaeritur.

203 2440 393 2511 Itaque
430 2439 522 2492 vix
560 2438 790 2491 dubitari
827 2446 1022 2508 potest,
1062 2439 1191 2506 quin
1227 2437 1622 2506 Aristophanes
1661 2435 1967 2505 scripserit:

409 2525 484 2594 (ὃς
520 2526 669 2593 εἰκὸς
708 2521 913 2592 ὄντας
953 2521 1212 2591 ἀσθενεῖς
1252 2527 1504 2597 γέροντας
1540 2518 1735 2592 ἄνδρας
1771 2517 1887 2595 ἤδη.
1923 2557 1987 2562 —

214 2631 218 2635 ⁴
288 2674 292 2676 ,
366 2621 571 2675 Eadem
628 2619 949 2673 emendandi
1003 2620 1088 2671 via
1138 2617 1496 2688 ingredienda
1535 2605 2022 2683 estPlut'.1122,

202 2712 294 2767 ubi
337 2713 504 2782 vulgo
537 2712 769 2782 legitur:

411 2798 646 2870 ἰσχάδας,
683 2798 761 2856 ὅσ’
803 2797 947 2865 εἰκός
983 2800 1127 2855 ἐστιν
1165 2796 1360 2869 Ἑρμῆν
1400 2798 1624 2852 ἐσθίειν.

370 2894 619 2964 Apparet
657 2885 813 2945 'enim
868 2892 1205 2944 enuntiatum
1245 2889 1389 2961 quod
1443 2896 1524 2941 est
1562 2884 1641 2941 ‹30‘
1683 2882 1826 2950 εἰκός
1877 2883 2022 2938 ἐστιν

198 2979 394 3053 Ἑρμῆν
449 2982 658 3036 ἐσθίειν
711 3003 740 3034 a
793 2991 953 3053 poeta
1010 2981 1133 3033 ideo
1199 2980 1467 3032 adiectum
1523 2995 1675 3043 esse,
1732 2985 1790 3028 ut
1845 2976 2021 3027 omnia

206 3091 558 3145 quaecunque
614 3073 825 3142 reliqua
884 3081 1063 3124 essent
1117 3072 1355 3124 breviter
1407 3067 2019 3139 comprehenderentur.

116 3225 132 3237 ι
207 3165 275 3217 In
315 3164 511 3217 talibus
548 3182 676 3216 vero
718 3160 1291 3231 comprehensionibus
1331 3158 1459 3227 quid
1491 3177 1618 3211 usus
1642 3156 2018 3225 Aristophanis

203 3254 456 3328 postulet,
493 3272 563 3307 ex
600 3254 684 3306 his
725 3252 991 3322 exemplis
1015 3251 1148 3303 disci
1171 3257 1374 3320 potest:
1413 3247 1678 3301 Plut.626
1715 3247 1803 3299 καὶ
1829 3237 1909 3297 τῖἷ
1925 3246 1954 3297 λ
1972 3244 2016 3297 λ’

204 3343 291 3402 ὅσ’
333 3345 477 3400 ἐστὶν
515 3343 669 3400 ἔνδον
706 3338 1130 3415 ηὗτρεπισμένα,
1161 3341 1306 3394 Eccl.
1335 3341 1437 3394 598
1475 3336 1570 3412 τὴν
1606 3342 1700 3410 γῆν
1735 3334 2017 3407 πρώτιστα

202 3433 418 3507 ποιήσω
471 3434 653 3506 κοινὴν
705 3432 924 3487 πάντων
970 3434 1058 3486 καὶ
1107 3426 1404 3502 τᾶγροίκων
1453 3431 1539 3484 καὶ
1592 3422 1761 3482 τᾶλλ’
1822 3421 2013 3483 ὁπόσ’
