2267 3845
968 211 970 213 '
1043 221 1076 273 5

154 380 498 432 Hermannus
535 376 778 429 Kockius
818 376 1095 444 Bcrgkius
1126 373 1426 427 Mcinckius
1465 374 1738 442 praeferre
1777 380 1969 442 potue—

153 469 263 521 rint
300 468 624 521 Ravennatis
667 476 718 519 et
753 466 949 518 Veneti
988 482 1328 518 communem
1365 464 1503 514 hanc
1540 463 1892 532 scripturam:

356 553 493 625 ὅπερ
532 553 582 608 οἱ
625 554 928 623 προτένθαι
963 552 1059 624 γὰρ
1102 555 1323 608 δοκοῦσί
1360 576 1455 621 μοι
1494 559 1721 606 ποιεῖν

153 647 279 700 huic
319 656 622 699 ceterorum
663 646 907 697 codicum
948 646 1202 697 lectioni:

368 731 505 802 ὅπερ
544 731 593 786 οἳ
635 734 935 802 προτένθαι
979 732 1074 804 γὰρ
1111 734 1333 788 δοκοῦσι’
1368 756 1461 801 μοι
1498 738 1768 786 παθεῖν

287 825 426 877 Nam
465 825 607 895 quod
643 825 991 877 Hcrmannus
1033 825 1235 877 monuit
1275 828 1460 876 ποιεῖν
1498 825 1563 875 ab
1604 824 1866 894 imperitis
1905 823 1962 874 li·

149 915 342 968 brariis
395 915 450 966 in
492 915 591 966 hac
651 914 778 966 sede
819 915 1071 966 facillime
1130 915 1320 966 mutari
1379 914 1613 984 potuisse
1653 914 1708 966 in
1741 918 1966 980 παθεῖν,

151 1004 249 1058 etsi
292 1004 495 1056 homini
534 1004 844 1056 doctissimo
885 1005 1070 1073 largiri
1112 1024 1411 1075 possumus,
1455 1014 1630 1056 tamen
1657 1004 1810 1056 nobis
1848 1022 1966 1055 con-

150 1094 452 1148 cedendum
478 1095 599 1161 erit,
641 1095 681 1145 si
709 1095 1024 1146 alterutrum
1058 1095 1439 1166 interpolatum
1479 1103 1574 1158 est,
1613 1095 1778 1145 multo
1808 1094 1965 1144 maio—

146 1201 265 1236 rem
316 1183 743 1255 interpolationis
800 1184 1033 1253 speciem
1071 1190 1254 1236 ποιεῖν
1308 1203 1435 1254 prae
1489 1202 1544 1235 sc
1606 1185 1747 1235 forre
1809 1204 1963 1252 quam

146 1278 371 1327 παθεῖν.
427 1274 664 1325 Accedit
714 1275 857 1344 quod
899 1278 1108 1326 παθεῖν
1146 1274 1527 1345 Aristophanis
1568 1275 1685 1326 usui
1741 1275 1964 1343 egregio

148 1363 436 1430 convenit,
478 1365 544 1415 cf.
585 1364 812 1416 Teuffel.
858 1364 922 1415 ad
981 1382 1029 1415 v,
1058 1364 1174 1414 234.
1219 1365 1516 1430 Posti-cnm,
1557 1364 1612 1415 id
1653 1365 1793 1434 quod.
1852 1382 1964 1415 rcm

146 1454 399 1522 conficit,
455 1455 542 1522 qui
584 1464 842 1506 secuntur
882 1455 1064 1507 aoristi
1106 1451 1398 1525 Δὖφελοιάτο
1435 1486 1500 1491 —
1524 1448 1966 1522 7r90815111‘fae1300w

148 1546 440 1616 postulant,
475 1554 534 1597 ut
572 1545 727 1596 etiam
767 1545 868 1597 hoc
908 1563 1065 1597 versu
1106 1545 1333 1596 aoristus
1372 1545 1598 1613 legatur.
1641 1545 1834 1615 Neque
1862 1546 1964 1597 hoc

145 1637 261 1690 solo
322 1636 441 1688 loco
485 1637 766 1690 Ravennas
817 1645 870 1687 et
910 1636 1150 1687 Venetus
1207 1636 1513 1705 interpolati
1566 1644 1720 1701 sunt,
1777 1654 1964 1687 verum

143 1727 308 1778 etiam
345 1746 392 1776 V.
422 1726 571 1794 1298,
606 1726 695 1778 ubi
736 1745 854 1778 cum
892 1726 1056 1777 ceteri
1084 1726 1298 1778 codices
1335 1725 1634 1776 rectissime
1675 1726 1965 1778 exhibeant

147 1805 192 1868 oi
219 1813 492 1888 σαμφόρα,
529 1817 580 1868 hi
622 1817 725 1869 duo
765 1817 1019 1886 scriptum
1045 1817 1245 1868 habent
1274 1805 1316 1866 ὦ
1354 1815 1552 1881 Παοία,
1584 1836 1740 1885 quam
1767 1818 1963 1869 malam

143 1907 653 1977 interpretationem
705 1926 820 1959 esse
881 1908 1148 1959 neminem
1204 1907 1362 1975 fugit.
1435 1907 1557 1959 Non
1604 1908 1772 1976 magis
1835 1925 1962 1959 vero

145 2008 301 2067 quam
342 1996 475 2048 haec
514 1996 987 2066 interpolationum
1043 1997 1346 2048 communio
1385 1996 1525 2048 casui
1570 1996 1731 2048 tribui
1788 2006 1963 2067 potest

140 2088 450 2140 communio
492 2086 968 2158 transpositionum
994 2087 1326 2158 quarundam
1365 2096 1418 2138 et
1462 2088 1807 2155 lacunarum3
1840 2108 1960 2140 nam

142 2195 211 2230 ne
249 2177 408 2229 huius
460 2177 678 2248 quidem
722 2178 973 2229 vitiorum
1016 2178 1230 2247 generis
1287 2179 1538 2249 exempia
1584 2179 1793 2231 desunt.
1870 2178 1960 2233 Sic

142 2287 190 2320 v.
226 2268 322 2320 601
365 2268 646 2321 Ravennas
699 2276 752 2319 et
790 2268 1032 2320 Venetus
1085 2268 1344 2320 exhibent
1400 2271 1598 2337 ταῦρος
1636 2265 1826 2338 τραγος
1863 2289 1958 2340 pro

138 2353 334 2426 τραγος
373 2361 569 2425 ταῖρος
591 2400 603 2423 ,
642 2378 690 2409 v.
736 2359 869 2409 1164
911 2355 1141 2411 ἔνδοθεν
1178 2358 1380 2426 τρέχων
1424 2377 1521 2430 pro
1570 2358 1770 2426 τρέχων
1809 2358 1960 2412 ἔνδο-

143 2451 261 2511 θεν,
305 2467 355 2501 v.
383 2448 517 2500 1384
554 2441 649 2500 οὒκ
689 2440 753 2499 ἷίν
794 2467 888 2519 pro
929 2443 992 2499 ἷῖν
1030 2442 1140 2510 οῖ’-κ,
1181 2467 1228 2500 V.
1259 2451 1383 2504 1081
1428 2447 1502 2512 (ὗς
1538 2447 1743 2517 ἔρωτός
1777 2471 1832 2502 τε
1874 2451 1961 2503 καὶ

138 2542 399 2609 γυναικῶν
437 2536 611 2609 ἥττων
636 2559 734 2610 pro
785 2536 858 2603 (ὃς
895 2536 1069 2608 ἥττων
1121 2536 1325 2606 ἔρωτος
1378 2539 1489 2592 ἐστὶ
1549 2541 1633 2593 καὶ
1669 2545 1958 2609 mactabit,-

141 2630 339 2683 ‘omissa
374 2639 498 2682 sunt
535 2631 586 2682 in
638 2638 865 2700 utroque
918 2631 1288 2698 monosyllaba
1332 2650 1381 2682 v,
1425 2631 1556 2683 1086
1602 2627 1678 2693 ἂν,
1734 2650 1781 2684 v.
1828 2632 1957 2684 1198

139 2720 253 2790 γὰρ,
278 2740 326 2773 v,
355 2721 481 2773 1231
511 2714 642 2788 ἄλλ’,
668 2741 717 2772 v.
744 2722 874 2772 1499
895 2721 999 2788 καὶ,
1018 2740 1066 2771 v.
1098 2723 1232 2773 1510
1258 2741 1330 2789 γε,
1359 2722 1624 2790 bisyllaba
1646 2742 1693 2774 v.
1711 2723 1811 2776 838
1834 2743 1958 2792 χρη-

139 2808 268 2865 στὸν
311 2811 477 2880 (quod
511 2811 828 2863 Dindorfius
867 2811 1265 2882 praetermisit),
1302 2831 1350 2862 v.
1376 2811 1474 2863 929
1515 2815 1717 2875 τοῦτον,
1750 2832 1796 2862 v.
1827 2814 1957 2865 1006

138 2902 326 2972 λετκῷ,
360 2890 417 2955 ”ν.
458 2901 589 2953 1048
628 2901 842 2954 παίδων
900 2902 1059 2958 (falso
1121 2901 1260 2952 enim
1307 2901 1624 2954 Dindorfius
1681 2903 1955 2955 adnotavit

140 2992 311 3043 solum
337 2992 710 3044 Ravennatem
737 2992 838 3044 hoc
871 2994 1193 3045 vocabulum
1221 2995 1515 3062 omittere),
1551 3013 1600 3046 v,
1628 2995 1749 3046 1361
1787 2992 1954 3047 ἔνδον.

142 3080 517 3153 Colophonem
572 3082 719 3133 addit
772 3082 913 3152 quod
969 3083 1073 3134 duo
1125 3101 1310 3135 versus
1362 3084 1561 3153 integri
1618 3085 1670 3136 in
1725 3093 1953 3156 utroque

144 3171 330 3224 codice
370 3171 549 3224 omissi
590 3180 727 3238 sunt,
766 3191 814 3224 V.
858 3173 952 3222 114
989 3182 1041 3225 et
1078 3193 1126 3224 V.
1169 3175 1316 3224 1100.

301 3261 388 3313 Ex
424 3262 515 3313 Vc
537 3262 684 3332 spis
735 3262 777 3315 si
835 3262 1039 3314 leviora
1100 3264 1347 3315 omittere
1390 3264 1644 3331 volueris,
1693 3265 1757 3316 ad
1809 3265 1953 3317 Her-

138 3350 315 3402 manni
352 3353 691 3404 ‘sententiam
748 3353 1169 3404 confirmandam
1225 3353 1441 3406 adferre
1496 3355 1691 3424 poteris
1743 3356 1950 3408 Raven-

137 3450 317 3492 natem
363 3450 415 3492 et
460 3442 727 3494 Venetum
768 3443 1035 3495 communi
1090 3444 1217 3494 vitio
1257 3465 1304 3496 v.
1348 3448 1445 3497 :377
1506 3446 1760 3498 exhibere
1802 3438 1951 3515 ἄχρις
