2267 3845
1130 140 1193 191 10

255 295 347 346 vix
409 303 584 346 tamen
643 295 925 360 minorem,
983 312 1139 363 quam
1196 311 1381 345 eorum
1440 310 1576 360 quae
1631 293 1958 346 Ravennatis
2015 301 2070 345 et

248 385 447 436 Veneti
488 385 790 437 communia
828 404 987 455 supra
1025 386 1080 436 in
1115 403 1283 436 unum
1321 383 1615 452 coegimus.
1657 383 1867 436 Eodem
1900 384 2067 454 igitur

247 477 382 542 iure,
441 494 545 544 quo
605 495 764 545 supra
818 476 1181 540 Ravennatis,
1239 494 1384 527 nunc
1441 475 1770 526 deteriorum
1823 473 2066 525 codicum

247 566 604 636 archetypum
644 565 842 617 Vcneti
882 567 1088 617 fontem
1127 566 1291 618 fuisso
1333 575 1385 616 ct
1426 584 1495 618 ex
1534 565 1742 616 duobus
1777 563 1884 616 illis
1922 563 2066 616 codi-

248 656 398 707 cibus
438 655 579 706 hunc
619 655 837 707 tertium
881 655 1231 726 compilatum
1272 673 1390 708 esse
1428 655 1688 707 dicemus.

414 746 568 812 Quae
607 764 723 796 cum
762 745 835 796 ita
876 745 998 811 sint,
1053 746 1358 813 ubicunque
1396 746 1676 798 Ravennas
1735 752 1788 796 et
1823 743 2066 797 Venetus

248 836 390 887 inter
428 853 487 887 se
527 835 854 905 discrepant,
908 853 1015 887 non
1065 835 1170 887 iam
1212 835 1582 903 quaerendum
1622 835 1742 899 erit,
1780 843 1902 886 uter
1941 852 2068 905 pro-

246 925 364 995 pius
402 925 469 977 ad
509 925 864 996 archetypum
906 925 1162 990 accedat,
1222 925 1317 977 sed
1355 932 1533 977 utrum
1573 924 1817 977 Venetus
1857 923 2066 990 eodem,

247 1032 349 1084 quo
370 1014 657 1067 Ravennas
699 1033 766 1066 an
809 1034 913 1084 quo
950 1015 1247 1067 deteriores
1277 1014 1494 1066 codices
1534 1016 1682 1066 fonte
1722 1034 1848 1066 usus
1887 1014 2065 1066 fuerit.

410 1105 489 1157 At
526 1105 874 1158 inveniuntur
931 1106 1049 1174 loci,
1105 1106 1197 1158 ubi
1253 1106 1446 1158 dubius
1501 1107 1738 1169 haereas,
1781 1105 1848 1157 ad
1888 1112 2065 1156 utrum

246 1198 449 1248 fontem
489 1195 686 1247 Veneti
725 1196 1014 1249 lectionem
1059 1196 1516 1267 1·efe1'aS‚-quippe
1554 1214 1692 1264 quae
1728 1196 1793 1248 ab
1834 1203 2065 1263 utroque

245 1304 422 1357 acque
476 1287 652 1340 aliena
705 1287 788 1340 sit.
864 1288 955 1342 Sic
996 1288 1098 1356 Eq.
1137 1288 1242 1340 473
1277 1288 1559 1341 Ravennas
1609 1286 1810 1358 aliique
1851 1285 2067 1339 codices

247 1395 432 1430 omnes
484 1377 866 1445 προςπέμπων
913 1379 1195 1445 exhibent,
1250 1398 1389 1430 unus
1430 1377 1673 1429 Venetus
1709 1371 2060 1444 προςπεσών,

245 1468 413 1539 Vesp.
450 1468 551 1520 675
591 1469 736 1520 solus
773 1468 1016 1520 Venetus
1054 1469 1470 1539 δωροφοροῦσιν
1509 1486 1606 1539 pro
1645 1468 2061 1535 δωροδοκοῦσιν,

246 1577 293 1610 v.
341 1557 440 1610 702
497 1557 678 1611 ἔλαιον
733 1578 831 1630 pro
869 1551 1127 1626 ἄλευρον,
1180 1560 1305 1612 Pac.
1346 1559 1477 1610 1317
1536 1551 1915 1626 κάπιχορεύειν
1964 1576 2062 1629 pro

241 1640 626 1712 κᾶπικελεῦειν,
667 1649 799 1702 Rari.
825 1650 923 1701 753
957 1642 1359 1716 κᾶκμολύνομαι
1384 1668 1480 1719 pro
1502 1641 1898 1715 κάκμιαίνομαι,
1928 1646 2063 1699 l‘lut.

242 1738 338 1789 871
382 1735 670 1808 πράγματα
714 1758 811 1810 pro
850 1737 1108 1809 χρήματα,
1147 1759 1196 1792 v.
1240 1740 1372 1791 1044
1408 1734 1723 1805 αἰσχύνομαι
1774 1733 2064 1809 ΡΥο-ὖβρί-
2117 1761 2119 1764 ·

245 1830 415 1896 ζομαι.
492 1830 611 1882 Hae
664 1829 924 1882 lectiones
974 1848 1096 1881 cum
1155 1847 1223 1881 ex
1261 1838 1453 1881 neutro
1493 1830 1644 1880 fonte
1681 1828 1904 1880 haustae
1943 1844 2063 1879 esse

234 1920 467 1990 possint,
493 1914 784 1989 'quaeritur
824 1929 1004 1972 utrum
1047 1938 1113 1971 ex
1171 1919 1377 1972 librarii
1431 1919 1652 1987 ingenio
1698 1938 1762 1970 an
1799 1936 1869 1971 ex
1905 1917 2063 1970 tertio

245 2010 421 2079 aliquo
463 2011 609 2063 fonte
638 2012 911 2063 fluxerint.
957 2011 1087 2063 Mihi
1128 2011 1348 2082 quidem
1382 2011 1517 2063 iuud
1558 2028 1746 2080 parum
1783 2007 2063 2080 probabile

253 2119 371 2154 esse
412 2101 640 2169 videtur,
679 2101 782 2154 hoc
821 2102 1051 2153 alterum
1071 2119 1202 2153 vero
1243 2101 1443 2152 factum
1473 2118 1589 2153 esse
1626 2118 1689 2152 eo
1729 2099 1901 2168 magis
1933 2098 2064 2150 mihi

242 2209 557 2262 persuasum
595 2201 706 2259 est,
765 2210 867 2262 quo
923 2192 1080 2263 plura
1135 2192 1403 2244 accedunt
1455 2209 1626 2261 eaque
1681 2191 1850 2242 multo
1906 2190 2064 2241 etiam

246 2283 477 2334 certiora
532 2283 675 2335 tertii
738 2284 899 2335 fontis
953 2283 1199 2351 vestigia.
1278 2282 1425 2350 Quid
1481 2282 1666 2334 enim?
1722 2281 1766 2333 si
1814 2281 1958 2334 Plut.
1995 2280 2066 2332 50

243 2374 526 2426 Ravennas
576 2373 708 2443 βίῳ,
769 2374 1064 2426 deteriores
1125 2373 1342 2425 codices
1389 2368 1592 2442 χρόνῳ,
1630 2372 1874 2424 Venetus
1932 2388 2063 2422 vero

240 2465 528 2516 lectionem
555 2464 777 2516 exhibet
808 2465 1100 2517 admodum
1127 2464 1461 2532 singulare-m
1488 2459 1616 2530 ἔτει,
1648 2481 1776 2514 num
1800 2470 1857 2514 tu
1887 2470 2064 2532 putam,

243 2555 379 2606 hanc
415 2576 443 2606 a
483 2555 698 2607 librario
740 2565 972 2608 croatam
1021 2555 1175 2608 essc‘?
1214 2555 1318 2606 Vcl
1360 2555 1402 2607 si
1434 2555 1504 2606 ib.
1545 2572 1590 2606 v.
1626 2553 1757 2605 1013
1796 2553 1851 2605 111
1888 2552 2063 2605 omni-

240 2647 334 2697 bus
396 2645 513 2696 aliis
572 2646 846 2698 codicibus
904 2647 1168 2716 scriptum
1210 2653 1291 2697 est
1344 2640 1595 2713 μεγάλοις
1633 2637 1959 2713 ὀχουμένην,
2007 2643 2063 2695 111

241 2752 347 2784 11110
371 2733 581 2786 Veneto
622 2730 897 2802 μεγάλοισι
940 2731 1000 2804 νὴ
1030 2734 1148 2800 Δία,
1186 2753 1313 2786 num
1353 2743 1412 2785 tu
1452 2734 1555 2786 hoc
1597 2733 1803 2785 librarii
1840 2733 2062 2803 ingenio

243 2823 437 2875 dabis‘.>
477 2824 534 2879 Si
575 2825 761 2891 velleS,
810 2843 913 2895 ego
971 2843 1082 2878 non
1138 2824 1513 2878 concederem.
1586 2823 1704 2876 Nec
1741 2824 1855 2895 ipse
1893 2825 2060 2891 voles,

240 2914 280 2966 si
323 2914 456 2966 alios
499 2915 646 2966 locos
701 2916 1014 2982 contuleriS,
1052 2916 1142 2967 ubi
1194 2915 1397 2967 similes
1447 2915 1709 2966 lectiones
1754 2915 1808 2966 in
1845 2915 2060 2966 Veneto

241 3012 298 3055 ut
339 3005 518 3056 variae
571 3006 829 3057 lectiones
884 3007 938 3058 111
995 3006 1240 3073 margine
1295 3015 1499 3057 tantum
1551 3005 1857 3075 adscriptae
1908 3013 2060 3072 sunt3

241 3094 323 3145 his
364 3095 503 3146 enim
543 3096 677 3148 locis
720 3096 966 3148 librarius
1003 3098 1117 3167 ipsc
1158 3115 1215 3148 se
1255 3098 1412 3149 tertio
1453 3096 1634 3165 aliquo
1679 3095 1863 3147 codice
1904 3115 2059 3149 usum

243 3202 359 3236 esse
400 3187 595 3255 prodit.
672 3186 754 3237 En
794 3187 925 3238 hacc
968 3188 1232 3258 exempla.
1276 3187 1441 3256 Vesp.
1484 3187 1612 3238 1473
1654 3186 1897 3239 Venetus
1938 3206 2059 3240 cum

244 3276 439 3327 ceteris
480 3279 1143 3347 κατακοσμῆσαι.100οΡ11,
1181 3278 1275 3331 sed
1313 3279 1510 3330 adiecit
1548 3297 1625 3346 γρ.
1663 3279 2059 3347 κατακηλῆσαις

243 3365 368 3417 Pac,
411 3367 542 3417 1144
584 3367 868 3419 Ravenuas
927 3387 1046 3419 cum
1086 3369 1283 3420 ceteris
1324 3368 1547 3420 exbibet
1581 3362 1775 3439 ὕφανε,
1818 3369 2058 3421 Venetus
