2267 3845
1147 149 1213 200 32

269 316 556 361 tamentum
597 306 687 358 sed
726 313 904 357 tamen
930 303 1469 371 interpretamentum
1494 317 1612 350 esse
1651 307 1703 349 et
1742 298 1844 352 ioci
1888 298 2083 350 bonam

267 407 468 468 partem
510 397 788 447 destruere
833 391 1171 444 iudicandum
1215 398 1310 441 est.

432 486 511 538 Ib.
551 505 598 536 v.
626 483 725 535 2509
767 483 836 535 G.
876 481 1216 533 Hermannus
1257 498 1377 530 cum
1419 478 1641 545 legisset
1678 476 1948 535 Venetum
1986 494 2084 546 pro

266 573 617 642 βόρβορος
661 572 918 624 exhibere
953 566 1225 636 βάρβαρος
1251 568 1491 636 Bergkio
1532 576 1582 619 et
1619 565 1893 620 Meinekio
1929 565 2086 617 facile

269 665 512 737 probavit
550 662 892 716 scribendum
932 679 1080 712 esse:

473 747 581 805 ἄλλ’
623 749 808 804 οὑτοσί
845 772 938 818 μοι,
976 747 1148 817 μάρμ
1168 770 1201 801 α
1221 770 1248 815 ρ
1272 769 1338 810 ος
1374 748 1616 819 φαίνεται
1662 749 1943 808 πατοῦντι,

436 844 690 897 Richtero
732 861 837 894 non
879 841 1025 905 item,
1068 858 1225 908 quem
1257 847 1433 890 tamen
1473 857 1579 890 non
1616 838 1744 890 satis
1777 838 1875 890 sibi
1903 851 2085 907 parem

270 934 451 986 habuit
503 931 882 984 adversarium.
961 928 1255 979 Videamus
1299 927 1425 997 quid
1476 927 1544 978 de
1585 927 1685 977 hac
1738 945 1796 977 re
1848 924 2086 976 iudican-

273 1025 395 1076 dum
453 1023 533 1074 sit.
610 1023 691 1073 Ac
749 1020 977 1091 primum
1019 1019 1235 1087 quiden]
1292 1017 1641 1069 Hermannus
1667 1017 1707 1083 ¹)
1762 1017 1893 1067 haec
1934 1014 2088 1066 dicit:

272 1113 613 1181 „Legebatur
651 1107 935 1178 βόρβορος.
1013 1110 1088 1161 At
1130 1109 1398 1179 quomodo
1453 1109 1541 1160 hic
1594 1125 1760 1160 senex
1817 1107 1990 1158 altero
2028 1114 2086 1157 ut

273 1204 441 1254 lutum
480 1202 703 1254 evitaret
743 1200 940 1252 monito
976 1192 1108 1250 ἀλλὰ
1146 1199 1329 1251 dicere
1355 1198 1575 1269 potest?
1615 1196 1903 1266 quomodo,
1943 1194 2087 1264 quod

272 1293 487 1360 gravius
535 1302 630 1358 est,
689 1292 728 1341 si
783 1300 835 1342 et
893 1291 1008 1359 ipse
1050 1309 1105 1341 se.
1161 1290 1213 1340 in
1273 1290 1381 1340 luto
1437 1289 1690 1341 incedere
1748 1287 1926 1354 sentit,
1981 1303 2089 1338 non

272 1384 472 1455 pluisse
532 1382 707 1453 potius
765 1401 919 1451 quam
982 1382 1118 1433 intra
1174 1389 1421 1449 quartum
1479 1380 1620 1431 diem
1678 1381 1914 1432 futuram
1972 1396 2090 1430 esse

272 1474 502 1546 pluviam
533 1473 711 1524 dicere
730 1472 754 1522 ’ζ’
807 1474 976 1524 Immo
1015 1472 1205 1523 durum
1247 1471 1344 1523 sibi
1387 1479 1543 1540 atque
1583 1470 1878 1522 arefactum
1918 1468 2089 1521 solum

273 1564 440 1617 videri
481 1564 622 1615 dieat
656 1581 873 1614 necesse
912 1563 1041 1615 est-.“
1085 1562 1245 1629 Quod
1284 1563 1444 1613 homo
1474 1561 1815 1614 doctissimus
1855 1559 2088 1629 primum

277 1657 343 1708 de
378 1648 509 1706 ἀλλὰ
551 1654 696 1717 dicit,
740 1672 860 1704 cum
916 1672 974 1705 ea
1033 1653 1241 1705 ratione
1285 1653 1563 1714 cohaeret,
1622 1671 1724 1722 qua
1762 1651 1860 1702 hos
1899 1667 2085 1705 versus

274 1763 456 1798 omnes
496 1745 636 1796 inter
676 1745 824 1796 chori
870 1762 1025 1797 senes
1066 1744 1349 1807 distribuit,
1394 1763 1552 1812 quam
1592 1743 1857 1795 rationem
1899 1758 2087 1793 omnes

273 1835 502 1887 editores
550 1834 665 1886 iure
700 1836 1157 1903 improbaverunt.
1235 1834 1317 1885 Ae
1358 1834 1529 1885 facile,
1556 1833 1913 1902 intellegitur,
1954 1829 2087 1901 quid

277 1927 406 1976 haec
446 1923 713 1994 particula
769 1914 823 1975 in
881 1923 1125 1975 codicum
1167 1923 1397 1994 sriptura
1432 1924 1588 1989 vclit3
1638 1931 1699 1973 ut
1736 1923 1879 1974 enim
1918 1937 2081 1991 saepe

272 2014 401 2065 nihil
445 2013 715 2081 signifieat
753 2012 849 2064 nisi
885 2013 1165 2065 transitum
1206 2013 1324 2065 fieri
1361 2032 1426 2065 ex
1465 2014 1567 2064 alia
1610 2030 1667 2064 re
1708 2012 1762 2064 in
1797 2012 1972 2074 aliam,
2018 2009 2091 2062 ita

276 2105 372 2156 hoe
414 2104 531 2154 loco
586 2103 806 2154 chorum
865 2121 982 2155 sese
1031 2123 1059 2154 a
1114 2121 1282 2172 puero
1331 2103 1394 2154 ad
1435 2121 1491 2155 se
1539 2103 1713 2174 Ipsum
1771 2108 2091 2154 convertere

277 2203 328 2245 et
390 2193 535 2261 quasi
606 2212 796 2244 novam
871 2195 1254 2245 sententiarum
1318 2194 1517 2245 seriem
1571 2192 1811 2262 incipere
1871 2190 2092 2243 indicat.

276 2283 538 2338 Similiter
577 2284 718 2336 Plut.
749 2284 810 2334 61
855 2282 1183 2351 Chremylus
1226 2291 1506 2354 postquam
1548 2301 1759 2334 servum
1798 2281 2091 2353 reprehen-

275 2374 369 2439 dit,
410 2373 474 2424 ad
501 2374 718 2426 Plutum
759 2392 1051 2426 conversus
1092 2374 1298 2444 pergit:
1339 2367 1448 2425 ἀλλ’
1490 2369 1548 2426 εἴ
1575 2393 1625 2426 τι
1662 2372 1864 2440 χαίρεις
1899 2366 2095 2440 ἀνδρὸς

273 2456 498 2531 εὖόρκοι·
541 2459 764 2531 τρόποις
802 2462 921 2530 ἐμοὶ
963 2460 1176 2534 φράσον
1214 2465 1323 2516 κτλ.
1377 2464 1534 2530 Quod
1572 2483 1702 2517 vcro
1742 2463 2093 2516 Hermannus

275 2554 451 2605 altero
510 2554 628 2605 loco
687 2553 841 2619 dixit,
901 2554 1093 2605 mirum
1140 2573 1258 2607 esse
1302 2573 1486 2608 senem
1528 2555 1668 2621 inde,
1724 2554 1867 2622 quod
1927 2572 1985 2606 se
2037 2553 2094 2606 in

278 2644 389 2694 luto
448 2643 700 2694 incedere
750 2645 1000 2706 sentiret,
1064 2645 1393 2697 concludere
1449 2645 1586 2696 intra.
1644 2653 1894 2714 quartum
1949 2644 2092 2696 diem

277 2733 510 2785 futuram
568 2752 684 2787 esse
723 2734 960 2804 pluviam
1001 2753 1099 2786 nec
1141 2736 1317 2806 potius
1358 2735 1580 2806 pluisse,
1617 2735 1718 2788 hoc
1758 2734 1872 2788 sine
1929 2734 2092 2788 dubio

277 2840 405 2875 vere
463 2823 664 2876 dictum
721 2834 799 2876 est
861 2843 1034 2892 neque
1083 2845 1109 2876 a
1159 2825 1416 2878 Richtero
1471 2825 1781 2896 impugnari
1845 2825 2094 2891 debebat,

278 2912 365 2982 qui
406 2913 537 2964 haec
580 2915 703 2965 satis
745 2916 876 2966 mira
915 2915 1223 2967 adnotavit:
1266 2915 1475 2980 „Senes
1515 2916 1605 2968 ubi
1648 2935 1870 2968 caenum
1908 2915 2096 2968 vident

277 3022 305 3051 a
349 3020 404 3053 se
446 3003 722 3065 calcatum,
786 3004 1093 3057 meminisse
1152 3023 1363 3074 quoque
1417 3005 1627 3058 dierum
1677 2989 2094 3058 consentaneum

280 3101 374 3157 est,
433 3093 622 3161 quibus
663 3095 909 3164 proxime
963 3095 1199 3164 pluebat.
1277 3096 1519 3161 Quorum
1564 3097 1772 3148 dierum
1815 3114 2097 3148 numerum

280 3201 399 3233 cum
435 3193 491 3234 ut
532 3204 627 3254 par
668 3194 745 3237 est
785 3186 1050 3254 hodieque
1091 3196 1143 3238 et
1195 3196 1413 3239 naturae
1449 3188 1775 3240 conveniens
1815 3187 2094 3250 humanae,

451 3374 488 3424 l)
522 3371 586 3414 De
622 3371 761 3415 choro
795 3373 927 3430 Vesp.
961 3389 1003 3430 p.
1038 3377 1077 3420 7.
