2267 3845
1108 137 1177 197 36

244 298 396 352 sione
432 297 556 356 data
599 315 702 348 non
746 312 959 365 possum
1002 291 1131 362 quin
1182 296 1359 342 notem
1402 284 1631 355 Bergkii
1670 301 1930 350 errorem,
1968 282 2060 350 qui

242 388 409 457 Vesp.
458 385 587 437 1192
653 384 778 454 quia
812 383 1055 434 Venetus
1109 379 1332 432 exhibet
1384 368 1482 447 ἤδη
1535 374 1706 444 γέρων
1742 368 1819 425 ὢν
1868 367 2065 435 πολιὸς

245 469 320 528 (ν’)’ν
353 494 449 546 pro
492 468 589 543 ἤδη
640 474 808 542 γέρων
859 467 935 523 ὢν
986 470 1074 524 καὶ
1125 465 1321 532 πολιὸς
1359 466 1657 533 „fortassc“
1713 463 2062 516 scribendum

244 583 363 630 esse
400 563 696 634 suspicatus
735 571 815 614 est
855 553 950 630 ἤδη
988 559 1156 628 γέρων
1193 557 1281 609 καὶ
1321 551 1516 618 πολιὸς
1557 546 1647 620 ὧν,
1685 552 1828 623 quod
1853 551 2063 604 Aristo·

246 653 477 723 phaucm
526 649 801 719 scripsisse
841 665 1002 716 nego,
1075 646 1189 700 Sed
1227 645 1355 696 talia
1410 653 1468 695 ut
1509 642 1844 708 tenebimuS,
1882 640 1972 694 ubi
2008 641 2064 695 in

242 742 529 805 codicibus
590 740 780 791 tradita
840 747 975 803 suut,
1016 737 1088 789 ita
1144 735 1446 788 cavendum
1490 743 1597 800 est,
1649 751 1716 784 nc
1774 732 1874 803 ipsi
1917 731 2060 783 ultro

244 832 547 884 inferamus,
637 828 772 880 Nam
811 827 914 879 hoc
955 846 1110 894 quam
1152 825 1513 896 periculosum
1558 823 1625 876 sit
1672 841 1742 875 ex
1785 820 1977 875 Cobeti
2015 829 2069 875 ct

247 921 501 981 Meinekii
554 920 607 971 in
660 919 849 970 eodem
907 935 1113 987 genere
1163 915 1429 968 communi
1470 932 1656 967 errore
1705 912 2066 982 intellegitur,

247 1030 349 1082 quo
391 1010 490 1080 Eq.
519 1011 620 1061 2ῖο
656 1028 785 1080 pro:

392 1151 396 1154 ,
452 1094 691 1166 ὡσπερεὶ
724 1096 975 1166 γέροντας
1013 1093 1185 1167 ἡμᾶς
1222 1095 1309 1148 καὶ
1351 1091 1752 1163 κοβαλικεύεται

244 1190 606 1260 scripserunt:

454 1274 693 1346 ὡσπερεὶ
729 1277 980 1346 γέροντας
1017 1269 1214 1339 ὄντας
1252 1275 1337 1328 καὶ
1377 1270 1795 1342 κοβαλικεύεται,

244 1391 274 1422 a
314 1368 590 1422 codicibus
644 1387 706 1419 eo
762 1367 944 1434 adiuti,
987 1366 1133 1436 quod
1183 1367 1240 1418 in
1278 1366 1592 1419 Ravennate
1631 1361 1769 1436 ἡμᾶς
1807 1365 2065 1418 omissum

252 1469 349 1514 est.
393 1457 560 1512 Cuius
606 1458 994 1510 emendationis
1035 1457 1124 1528 qui
1163 1466 1349 1509 auctor
1388 1457 1487 1509 fuit
1523 1456 1664 1509 Cob
1683 1466 1747 1509 et
1764 1477 1836 1510 us
1868 1456 2069 1509 Mnem.

249 1550 344 1604 IV.
390 1569 438 1621 p.
484 1549 580 1600 133
639 1556 921 1619 postquam
973 1548 1116 1600 Aeh.
1164 1547 1290 1615 221,
1348 1548 1441 1600 ubi
1502 1548 1788 1602 Ravennas
1848 1547 2071 1600 exhibet

242 1638 484 1713 μηὸέπερ
523 1637 774 1708 γέροντας
811 1634 1056 1709 ἐκφυγών
1096 1631 1384 1706 Ἀχαρνέας
1438 1657 1561 1691 cum
1608 1639 1710 1691 hoc
1769 1639 1891 1690 loco
1935 1656 2066 1691 con-

246 1730 380 1795 tulit,
437 1730 512 1782 sic
572 1729 780 1799 pergit:
835 1729 1023 1794 „Idem
1082 1730 1369 1799 utrobique
1437 1729 1628 1781 vitium
1695 1737 1811 1796 est,
1876 1729 2068 1782 eodem

247 1820 405 1872 modo
457 1828 638 1872 natum
686 1829 737 1872 et
789 1820 1090 1872 tollendum
1150 1838 1391 1891 quoque:
1442 1837 1640 1890 nempe
1687 1828 1746 1872 ut
1786 1819 1874 1872 hic
1926 1818 2071 1890 apud

246 1929 431 1962 omnes
497 1920 645 1962 recte
718 1911 972 1963 scribitur
1039 1911 1282 1981 ,ιιηόέπερ
1348 1910 1600 1981 γέροντας
1669 1903 1826 1974 ὄντας
1870 1911 1937 1978 ¹),
1990 1910 2070 1964 sic

245 2001 363 2054 illie·
407 2001 749 2053 scribendum
809 1997 1045 2070 ὡσπερεὶ
1106 2001 1357 2071 γέροντας
1412 1994 1582 2065 ὄντας.
1660 2001 1766 2067 Qui
1825 2001 2072 2054 codicem

248 2092 520 2144 Venetum
583 2093 821 2164 scripsit,
882 2093 948 2145 de
1011 2112 1104 2145 suo
1165 2089 1300 2163 ἡμᾶς
1355 2093 1723 2164 interpolavit,
1767 2101 1827 2145 ut
1872 2093 2073 2163 passim

249 2183 669 2252 Aristophanem
725 2184 935 2236 levibus
989 2184 1310 2236 coniecturis
1364 2204 1459 2238 suo
1519 2184 1741 2236 arbitrio
1792 2183 2067 2237 refinxit.“

248 2273 332 2326 Ex
392 2276 468 2327 cis
532 2291 665 2344 quae
729 2294 890 2346 supra
951 2275 1300 2346 exposuimus
1350 2276 1526 2328 elucet
1586 2276 1727 2328 hanc
1782 2284 1959 2328 notam
2017 2274 2075 2328 in

253 2363 582 2416 deteriorum
634 2364 809 2434 potius
869 2364 1132 2431 codicum,
1196 2365 1285 2435 qui
1344 2367 1396 2417 e't
1452 2365 1556 2436 ipsi
1611 2361 1749 2436 ἡμᾶς
1794 2366 2074 2435 praebent,

247 2454 604 2525 archetypum
659 2473 815 2524 quam
868 2454 922 2505 in
961 2453 1156 2506 Veneti
1213 2454 1493 2507 librarium
1545 2455 1757 2522 cadere,
1796 2455 1948 2507 illum
1982 2474 2071 2506 au-

249 2543 772 2614 temintcfrpolatum
832 2562 948 2595 esse
989 2563 1093 2595 uon
1144 2562 1424 2615 negamus.
1473 2546 1550 2598 At
1604 2545 1842 2599 Cobetus
1893 2563 2073 2616 neque

253 2630 385 2701 ἡμᾶς,
438 2633 568 2686 ferri
633 2653 739 2688 non
807 2653 964 2705 posse
1026 2654 1202 2706 neque
1266 2627 1423 2698 ὄντας
1478 2637 1678 2704 requiri
1737 2636 1850 2688 ullo
1911 2635 2073 2688 modo

251 2723 665 2792 demonstravit3
717 2745 838 2776 nam
892 2745 1110 2793 eorum,
1162 2728 1229 2778 dc
1289 2728 1483 2796 quibus
1535 2728 1590 2779 in
1639 2727 1904 2798 proximis
1958 2728 2074 2796 egit.

255 2813 491 2865 locorum
553 2815 804 2879 (Nicostr.
858 2836 941 2886 ap.
994 2818 1123 2870 Ath.
1166 2817 1268 2884 III,
1324 2818 1420 2870 118
1458 2818 1521 2887 E,
1581 2818 1671 2870 ubi
1726 2826 1875 2870 recto
1938 2818 2070 2872 scri-

254 2907 422 2975 psisse
448 2906 656 2959 videtur
694 2909 1077 2971 κατεσθίοντες
1106 2900 1256 2972 ὄντες
1277 2905 1504 2975 δώδεκα,
1525 2909 1811 2980 Hermipp.
1833 2927 1916 2979 ap.
1939 2909 2074 2961 Ath.

255 2995 415 3051 VIII.
456 2997 556 3048 344
591 2998 641 3048 D
682 2996 749 3050 ἕν’
791 2990 946 3064 ὄντα,
998 3000 1168 3052 Arist.
1209 2999 1378 3071 Vesp.
1417 2999 1518 3051 693
1572 2995 1650 3052 δύ’
1701 2991 1846 3067 ὄντε)
1907 2999 2073 3069 longe

375 3194 415 3244 1)
450 3190 729 3233 Fritzschius
749 3192 1002 3234 ad'l'hesm.
1036 3196 1121 3236 683
1154 3195 1318 3238 maluit
1346 3196 1557 3254 μηδέπερ
1585 3199 1801 3252 γέροντας
1832 3191 2074 3254 ἄνδρας,

256 3268 376 3323 quod
408 3269 506 3325 ipse
538 3270 717 3322 viderit,
751 3272 979 3326 quomodo
1033 3273 1274 3329 defendat3
1321 3275 1432 3318 mihi
1468 3275 1652 3319 videtur
1683 3275 1893 3333 μηδέπερ
1923 3275 2072 3332 parti-

255 3348 356 3391 cula
388 3344 519 3412 ὄντας
549 3351 842 3408 participium
877 3353 1124 3408 requirere.
