2267 3845
1113 155 1180 207 28

463 321 582 380 πῶς
614 313 703 386 δής
743 315 899 386 φέρε
944 335 978 362 ῑι
1000 314 1110 373 (519,-
1151 340 1212 346 -
1251 301 1559 373 ἀλεκτρυών
1594 297 1950 370 κάλεκτρυών.

414 422 547 475 Cum
608 420 774 487 igitur
824 419 911 485 qui
972 416 1209 485 quinque
1266 412 1370 464 illis
1424 411 1557 462 locis
1613 407 1756 461 ἐστιν
1793 407 1880 459 vel
1931 407 2067 460 ’στιν

250 515 603 585 scripserunt,
647 508 788 560 omni
846 505 1218 574 exemplorum
1277 521 1378 573 ope
1418 496 1680 553 destituti
1722 497 1829 551 sint
1872 500 1930 565 ¹),
1967 516 2066 550 nos

248 623 392 669 vcr0,
435 602 521 672 qui
558 600 661 653 ἔστ’
705 608 754 650 ct
794 590 903 648 ’σθ’
960 592 1308 646 scribendum
1347 590 1622 656 ducimm,
1681 607 1770 642 eos
1822 588 1972 642 locos
2012 587 2067 640 in

257 702 434 766 partes
470 708 663 742 vocare
705 687 985 760 possimus,
1024 684 1114 736 ubi
1155 683 1380 735 aliorum
1420 680 1805 732 vocabulorum
1849 677 2067 732 ultimae

250 784 490 853 syllabae
519 782 572 833 in
603 781 703 831 fine
729 776 1240 846 interrogativorum
1281 773 1680 826 enuntiatorum
1725 769 1890 822 elisae
1926 776 2068 835 sunt,

247 884 301 926 ut
348 874 486 926 Plut.
517 871 610 923 132
648 869 726 932 τίς
764 857 856 920 οὖν
889 864 916 919 ὁ
952 865 1203 934 παρέχων
1241 863 1384 917 ἐστὶν
1421 857 1566 933 αῧτῴ
1604 861 1833 924 1053&-
1876 892 1934 898 —-
1967 855 2069 926 ὃδί,

249 962 649 1016 concedendum
691 968 787 1026 cst,
824 958 1122 1026 Reisigium
1182 974 1290 1008 non
1330 953 1621 1020 detexisse,
1677 971 1835 1022 quam
1886 952 2070 1020 legem

250 1053 641 1121 Aristophanes
687 1049 781 1102 sibi
834 1050 949 1120 ipse
1008 1045 1304 1116 scripserit,
1360 1045 1452 1098 sed
1501 1044 1667 1096 invito
1725 1042 2068 1114 imposuisse.

250 1143 332 1197 Ne
371 1150 497 1195 vero
539 1140 763 1206 mireris,
805 1159 910 1191 non
949 1139 1130 1208 plures
1170 1155 1285 1190 csse
1319 1137 1492 1202 10008,
1527 1134 1619 1186 ubi
1661 1131 1812 1188 §ovezi
1841 1133 2071 1203 copulae

248 1233 436 1284 ultima
477 1232 607 1284 elisa
646 1230 739 1296 sit,
775 1229 829 1281 id
882 1229 1053 1300 ipsum
1098 1235 1288 1299 reputa
1328 1226 1486 1278 ctiam
1538 1224 1592 1277 in
1632 1225 1748 1276 aliis
1790 1223 2068 1275 vocabulis

250 1341 344 1392 pcr
393 1339 576 1373 omnes
629 1318 1006 1388 Aristophanis
1063 1318 1270 1369 fabulas
1328 1317 1393 1368 ad
1452 1334 1718 1368 summum
1773 1313 1940 1366 vicies
1995 1314 2066 1365 fa-

249 1422 394 1465 ctum
436 1429 568 1464 esse.

418 1630 457 1684 1)
490 1628 597 1671 Noli
641 1627 906 1670 desiderare
948 1626 1084 1680 Vesp.
1136 1626 1247 1668 1369
1297 1625 1386 1666 τῶν
1433 1623 1676 1679 ξυμποτῶν
1714 1623 1974 1676 κλέψαντα;
2027 1646 2071 1651 —

248 1713 422 1750 ποίαν
467 1704 735 1762 αἰνλητρίδα;
777 1720 910 1761 quem
962 1719 1144 1747 versum
1187 1705 1459 1758 corruptum
1503 1715 1602 1743 esse
1653 1715 1746 1743 non
1795 1703 1893 1742 tam
1940 1698 2075 1742 huius

248 1787 499 1844 elegantiae
544 1786 658 1842 legis
692 1785 879 1828 violatio
913 1784 1065 1840 arguit
1106 1797 1240 1838 quam
1266 1787 1407 1824 ποίαν
1435 1780 1723 1836 pronominis
1753 1778 2077 1836 interrogativi

249 1865 415 1922 prioris
450 1864 655 1920 syllabae
691 1863 938 1919 correptio,
991 1877 1106 1918 quae
1150 1877 1204 1904 ex
1256 1875 1346 1916 quo
1394 1860 1557 1904 Aesch.
1593 1859 1751 1916 Suppl.
1783 1861 1868 1902 911
1902 1873 1988 1914 pro
2021 1859 2071 1901 ἐκ

249 1950 417 1988 ποίου
454 1942 745 2003 φρονήματος
793 1944 962 1999 legitur
995 1944 1044 1985 ἐκ
1074 1947 1202 1985 rivo
1222 1958 1241 1989 ς
1291 1957 1369 1998 φρ.
1400 1940 1524 1983 omni
1557 1940 1875 1995 exemplorum
1908 1939 2072 1982 simili-

252 2026 409 2069 tudine
444 2026 667 2069 destituta
704 2028 789 2067 est.
855 2023 1090 2079 Quomodo
1124 2023 1433 2066 emendandus
1467 2022 1528 2064 sit
1551 2021 1626 2064 hic
1663 2035 1837 2071 versuS,
1871 2019 2076 2064 dubitari

255 2110 433 2161 potest;
467 2105 546 2147 sed
579 2105 687 2160 quin
718 2110 763 2148 et
808 2105 929 2160 quod
961 2104 1155 2147 Florens
1190 2103 1480 2146 Christianus
1517 2103 1677 2157 (πῶς;
1705 2098 1946 2158 αὐλητρίδα
1961 2103 1991 2153 ;)
2028 2104 2076 2144 et

250 2186 371 2241 quod
404 2185 660 2228 Meinekius
693 2184 987 2228 scribendum
1019 2183 1262 2240 proposuit
1294 2186 1333 2226 (τ
1355 2181 1414 2235 ὴν
1443 2179 1685 2238 αὐλητρίδα
1700 2182 1744 2236 ;),
1787 2183 1844 2224 ab
1891 2181 2076 2225 Aristo-

251 2264 409 2320 phanis
443 2264 775 2308 consuetudine
815 2263 1078 2313 abhorreat,
1117 2277 1209 2306 non
1241 2263 1416 2318 poterit
1447 2256 1663 2304 dubitari.
1741 2261 1858 2303 Mihi
1889 2261 2075 2304 videtur

251 2344 354 2387 inde
389 2343 771 2399 proficiscendum
805 2358 916 2393 osse,
950 2344 1071 2398 quod
1105 2344 1151 2386 in
1184 2343 1270 2385 hoc
1319 2357 1456 2385 versu
1489 2341 1604 2384 nihil
1638 2344 1723 2393 est,
1756 2341 1880 2397 quod
1911 2356 2074 2398 repre-

251 2423 383 2465 hendi
419 2424 578 2478 possit,
615 2423 733 2466 abici
767 2438 874 2466 vem
909 2423 1032 2465 salva
1065 2422 1296 2466 sentent-ia
1329 2437 1470 2464 unum
1502 2425 1661 2478 potest
1693 2419 1935 2478 αὐλητρίδα
1966 2435 2071 2464 ver-

252 2504 372 2553 bum,
405 2503 525 2558 quod
557 2503 676 2546 idem
711 2504 843 2546 facile
876 2519 930 2547 ex
963 2503 1189 2559 proximis
1220 2503 1469 2558 repetitum
1490 2503 1561 2544 vel
1583 2502 1642 2544 ad
1673 2501 2078 2557 interpretandum

251 2581 531 2637 adscriptum
567 2598 662 2625 esse
708 2597 842 2638 posse
892 2583 1038 2638 quivis
1071 2583 1308 2625 concedet.
1374 2582 1469 2624 Iam
1502 2581 1623 2624 enim
1657 2581 1753 2624 sine
1787 2580 2068 2624 temeritatis

254 2660 363 2703 vitio
395 2661 480 2705 hoc
524 2661 746 2705 vocabulo
793 2662 982 2718 expulso
1027 2662 1144 2704 hanc
1191 2676 1350 2704 versus
1382 2665 1562 2717 partem
1593 2665 1645 2703 ut
1675 2675 1866 2716 prorsus
1898 2659 2077 2703 firmam

252 2755 303 2783 ac
337 2744 484 2783 tutam
519 2745 746 2784 statuere:

471 2824 559 2866 τῶν
590 2825 830 2881 ξυμποτῶν
864 2827 1122 2879 κλέψανια;
1158 2848 1209 2854 ›——
1249 2808 1404 2865 Helm?
1436 2845 1491 2851 -
1525 2838 1548 2862 υ
1580 2846 1634 2851 -

253 2907 299 2943 et
332 2902 553 2945 relicuam
584 2908 763 2958 partem
797 2905 1004 2959 quolibet
1035 2904 1207 2947 cretico
1251 2903 1324 2945 vel
1368 2902 1596 2956 dactylico
1630 2900 1854 2944 vocabulo
1889 2900 2074 2956 explere

258 2995 509 3035 possumus.
572 2984 720 3038 Atqu<
755 2999 840 3040 ego
873 2984 1057 3039 quidem
1089 2985 1298 3038 suspicor
1329 2983 1667 3025 adlocutionem
1700 2981 1931 3023 interiisse
1962 2995 2078 3036 qua-

256 3059 316 3100 les
341 3059 424 3102 hae
445 3066 571 3103 sunt:
607 3055 799 3117 uilevqe.
834 3055 993 3117 ᾠζυρέ.
1031 3056 1063 3104 c]
1096 3058 1262 3119 φθόυε,
1295 3054 1329 3103 ὦ
1360 3064 1484 3119 μελε
1520 3062 1553 3103 ὠ
1590 3055 1738 3110 πόαν,
1771 3060 1837 3102 ita
1863 3065 1913 3102 ut
1945 3075 1982 3102 e.
2011 3074 2080 3116 gr.

253 3143 377 3180 totus
411 3154 566 3182 versus
601 3141 868 3184 scribendus
903 3144 983 3185 sit:

499 3221 586 3262 τῶν
616 3223 854 3277 ξυμποτῶν
883 3225 1144 3277 aestimavit,-
1196 3249 1230 3253 ν-
1267 3227 1417 3274 ποίαν,
1454 3215 1527 3264 ὦ).
1546 3235 1563 3263 ε
1584 3226 1717 3277 θρε,·

256 3297 310 3338 cf.
363 3302 405 3339 τί
448 3298 511 3344 δ’.·
556 3297 653 3354 οὐχὶ
706 3305 994 3357 πειθαρχεῖν.
1025 3318 1082 3357 με
1115 3308 1206 3350 τοῖς
1240 3300 1422 3359 νόμοισι
1458 3302 1549 3351 δεῖς
1603 3326 1646 3331 —-
1686 3304 1898 3352 ποίοισιν,
1932 3293 1967 3344 ὦ
1998 3295 2077 3343 δύ-

258 3389 410 3428 στηνε,·
438 3401 491 3409 —
526 3383 613 3425 τοῖς
648 3379 956 3438 δεδογμένοις.
